3325 4959
799 406 865 471 Fol.
886 404 928 469 26
942 407 973 472 b.

699 591 1033 699 nmfflm)

527 755 551 815 o,
572 754 680 803 1c-eo.

594 852 868 862 -——.......—-—

335 931 366 984 et
388 920 546 984 audierunt
569 918 713 999 alienige-

333 1076 390 1119 nae
413 1055 550 1137 qnoniam
573 1052 707 1117 unxisset

334 1190 418 1253 deuio
439 1189 469 1252 in
493 1207 590 1268 regem
613 1205 702 1269 super

334 1325 474 1407 populum
497 1323 585 1387 isreel
607 1330 638 1401 et
660 1341 767 1385 escen·

335 1441 443 1523 denunt
465 1457 688 1556 omnesjnqui-

333 1611 397 1659 rere
420 1595 513 1657 deuit.
556 1594 597 1655 Et
620 1592 737 1655 audiuit

334 1731 420 1795 deuit
443 1741 473 1793 ec
497 1728 631 1791 escendit
654 1727 684 1788 in

333 1875 453 1947 pontem
476 1863 600 1928 sionem.
646 1863 686 1924 Et
708 1860 783 1925 elie-

332 2000 455 2079 nigenae
477 2006 629 2061 uenerunt¹

334 2145 364 2196 et
384 2134 574 2197 inrueruntur
595 2133 624 2194 in
649 2132 726 2194 uelle

334 2269 505 2341 titanorum.
548 2269 591 2329 Et
614 2267 733 2329 consul·

334 2403 411 2467 cauit
432 2402 519 2465 deuit
542 2421 595 2465 rex
618 2384 685 2463 dffn
709 2402 757 2463 di-

333 2558 402 2601 cens
424 2538 450 2599 ei
472 2539 631 2600 ascendam
653 2538 692 2598 ad

334 2673 457 2737 allofilos
480 2674 580 2735 trades
604 2692 653 2734 eos

332 2809 364 2871 in
387 2827 504 2870 manum
528 2827 623 2869 meam

334 2954 364 3005 et
386 2942 462 3005 dixit
485 2922 551 3004 dfn's
573 2944 611 3004 ed
636 2941 720 3004 dnuit
742 2960 795 3003 es·

274 3064 276 3069 ¹
333 3079 423 3140 cende
446 3076 584 3159 qnoniam
608 3086 671 3137 tra-

333 3214 406 3275 dens
428 3214 544 3274 tradem
567 3211 643 3273 elio·

332 3347 398 3409 iilos
420 3347 449 3408 in
472 3365 590 3410 menum
613 3355 666 3409 tue

334 3490 364 3544 et
387 3481 470 3544 uenit
491 3481 575 3543 deuit
597 3483 635 3543 ad
658 3502 741 3549 sume

334 3636 381 3679 mo
403 3616 585 3691 conseidons.
630 3617 670 3678 Et
693 3636 765 3680 oon-

334 3751 424 3815 ocidit
447 3770 498 3813 eos
520 3750 563 3813 ibi
587 3762 616 3814 et
639 3752 716 3814 dixit

333 3884 416 3949 dcuit
438 3886 580 3948 conscidit
602 3868 667 3948 dffis

332 4019 470 4083 inimicos·
492 4040 572 4084 meos
593 4021 623 4082 in
646 4041 719 4084 oon·

331 4162 437 4236 spectu
460 4174 524 4218 meo
547 4157 624 4219 eiont
647 4175 719 4219 oon-

1086 750 1111 806 ⁵,
1129 745 1239 793 eo-co.

908 912 1072 975 ecideretur
1093 929 1197 991 equae.
1241 911 1313 972 Ideo

908 1048 1029 1110 uocauit
1051 1066 1155 1120 nomen
1179 1046 1236 1109 loei
1300 1063 1306 1081 ¹

908 1182 988 1245 iliius
1009 1184 1136 1262 desuper
1162 1180 1277 1244 consci-

907 1319 990 1383 dens.
1032 1318 1075 1380 Et
1096 1316 1272 1379 remiserunt

906 1453 948 1516 ibi
972 1452 1052 1516 idola
1075 1472 1137 1516 suo.
1183 1452 1222 1513 Et
1243 1460 1345 1513 suetu-

907 1590 1005 1651 ierunt
1019 1548 1111 1650 ⁴deuit
1134 1598 1163 1648 et
1185 1585 1242 1648 uiri
1264 1584 1329 1646 eins

907 1734 938 1786 et
959 1723 1139 1785 addiderunt
1161 1739 1285 1784 consur·

906 1867 1009 1939 gentes
1031 1859 1061 1921 in
1084 1878 1135 1920 eos
1156 1854 1363 1919 consciderunt

906 1994 1004 2056 adhuc
1026 1992 1153 2055 allofilos
1174 2000 1205 2053 et
1226 2008 1334 2053 oscen-

906 2130 1013 2192 derunt
1035 2138 1066 2190 et
1087 2129 1240 2190 inruerunt
1259 2126 1289 2187 in

904 2264 1036 2332 uniuersi
1057 2264 1086 2325 in
1105 2260 1185 2325 ualle
1207 2242 1369 2323 tithenofff

905 2410 937 2462 et
958 2400 1153 2476 interrogauit
1175 2396 1259 2459 deuit

906 2515 1213 2597 effimmffi

904 2690 940 2732 ne
955 2650 1115 2734 accendere
1134 2649 1225 2731 obuio

906 2806 977 2871 eis..
1004 2806 1064 2869 Sed
1088 2804 1225 2884 egredere
1247 2804 1287 2864 ab
1309 2802 1353 2864 eie

905 2960 997 3022 nsque
1020 2940 1175 3019 peruenies
1196 2939 1265 3000 iux-
1417 2889 1424 2915 Ι

906 3084 941 3139 to
961 3074 1079 3139 nollem
1101 3073 1285 3154 oleutonie(i)
1308 3083 1347 3165 οι.

906 3232 971 3275 oum
994 3210 1124 3273 audieris
1145 3228 1247 3279 nocem

906 3347 1069 3408 motionum
1092 3345 1209 3408 illerum

907 3480 1048 3543 eleuthon
1056 3479 1090 3560 (1)
1113 3480 1223 3543 innunt.
1268 3481 1346 3539 Des-

906 3617 1014 3680 cendee
1036 3621 1065 3677 in
1088 3634 1215 3695 pugnem

906 3752 976 3833 quia
997 3759 1067 3812 tuno
1090 3752 1205 3830 prodiet
1227 3731 1292 3811 dn'o's

905 3896 976 3949 onte
999 3897 1028 3948 et
1051 3895 1218 3966 percuttere
1240 3885 1269 3947 in

906 4022 1015 4085 bellum
1038 4022 1219 4103 alienigenas

905 4167 936 4220 et
956 4157 1028 4220 iecit
1050 4158 1133 4221 denit
1156 4158 1234 4220 siout
1255 4176 1345 4237 prae-
