3325 4959
690 433 754 499 eoi.
780 433 859 496 182.

634 622 650 683 1
672 620 743 699 neg.
765 618 794 700 (1
817 617 914 696 sam.)

371 773 395 834 3,
416 777 568 833 19-2134,
590 780 611 823 1.

484 876 551 883 -.--

226 941 431 1020 magnificatus
453 949 500 1003 eet
521 960 622 1003 samu-

227 1076 252 1137 el
277 1085 307 1138 at
329 1085 395 1138 erat
416 1058 482 1137 dfe}
504 1096 569 1139 aum

227 1230 260 1273 eo
283 1220 313 1270 et
335 1210 407 1273 nihii
430 1210 536 1273 cecidit

225 1347 263 1408 ab
285 1347 421 1408 omnibus
443 1346 541 1409 uerbis

225 1478 288 1541 eius
309 1480 338 1541 in
363 1492 480 1543 terrem.
524 1482 565 1544 Et
586 1499 649 1560 eog-

224 1612 308 1675 nouit
329 1614 424 1677 omnia
446 1616 573 1694 populus

224 1750 310 1810 israel
334 1750 373 1811 eb
396 1751 454 1811 dan
475 1751 575 1830 aegio-

223 1903 288 1971 nem
312 1903 404 1963 nsque
428 1884 553 1956 bersabe

223 2020 361 2099 qnoniam
383 2019 478 2080 fidelis
500 2028 547 2081 est
568 2038 670 2083 eemu-

223 2152 249 2213 al
272 2153 301 2214 in
324 2154 468 2233 profetam
492 2137 560 2217 dini.
588 2182 590 2191 ⁴

222 2289 264 2349 Et
286 2288 401 2350 aedidit
419 2271 483 2351 en'n's
508 2289 603 2351 mani-

221 2423 323 2486 festari
346 2424 375 2485 in
399 2425 490 2485 selem
514 2444 590 2506 quo-

221 2558 301 2620 niam
324 2560 475 2621 reueletna
499 2573 543 2621 eat
604 2579 606 2583 ·

223 2676 287 2754 dn'i'a
309 2695 429 2756 samuel.
472 2696 514 2757 Et
537 2714 603 2757 ere-

224 2827 316 2890 ditum
340 2840 385 2891 est
406 2828 532 2894 ee'mnel.
576 2831 617 2891 Et

223 2961 332 3023 fectum
355 2974 401 3025 eat
424 2966 567 3044 profetam

223 3079 283 3159 diffi
305 3096 334 3158 in
358 3116 471 3160 omnem
496 3120 591 3179 pepu-

158 3318 163 3327 .
198 3232 282 3335 'inm
305 3232 394 3294 iarael
418 3234 456 3293 ab
478 3234 571 3297 initiis

223 3378 320 3429 terrae
344 3387 435 3448 neque
458 3368 486 3430 in
509 3371 581 3431 fines

222 3514 330 3564 tarrae.
375 3504 414 3565 Ei
438 3513 502 3565 eret
524 3504 562 3565 eii
583 3524 633 3566 ee·
677 3514 679 3517 '

223 3655 280 3697 nex
302 3636 389 3699 ualde
412 3648 443 3697 et
464 3638 504 3698 fili
528 3638 589 3701 eius

223 3771 355 3835 abientes
378 3772 523 3835 abierunt.

223 3906 318 3968 Erant
340 3908 417 3969 enim
439 3908 567 3986 inaiigne

223 4040 271 4101 nie
294 4060 394 4103 eornm
417 4061 515 4105 eoram

224 4156 299 4237 ᾱιῖο.
341 4176 383 4239 Ea
402 4178 512 4239 fectum
536 4187 582 4241 est

994 775 1018 833 a,
1037 774 1110 820 1-a.

804 939 832 1000 in
856 938 963 1001 diebna
986 938 1044 1001 iiiis
1066 952 1096 1001 et
1119 958 1240 1019 aengre

803 1085 944 1155 gerentur
966 1074 1148 1154 alienigenae

804 1209 843 1271 ed
865 1229 992 1290 pugnem
1014 1212 1157 1272 aduersae

803 1344 893 1406 israel
915 1356 945 1406 et
968 1344 1040 1406 exiit
1063 1341 1152 1406 isreel

803 1479 921 1541 obniem
945 1480 988 1541 eie
1009 1481 1047 1543 ad
1070 1500 1198 1559 pugnam

803 1621 835 1675 ei
857 1623 955 1676 caetra
979 1624 1140 1694 pesuerunt

800 1748 830 1810 in
854 1750 1028 1811 abenneser.
1075 1751 1114 1812 Et
1136 1750 1193 1811 aii·

804 1882 944 1959 anigenaa
968 1894 1068 1944 eastra
1090 1884 1149 1946 ha-

803 2018 932 2079 buerunt
954 2019 983 2079 in
1006 2018 1131 2097 apheae.
1176 2021 1216 2082 Et

803 2152 1021 2215 conatitnernnt
1041 2174 1117 2235 pug-

806 2307 874 2350 nam
897 2290 1040 2350 aduersus
1063 2290 1151 2351 israel

804 2424 1023 2486 commiserunt.
1067 2425 1108 2485 Et

803 2557 966 2620 deeiinauit
988 2578 1086 2638 pugna
1108 2567 1138 2619 et

804 2694 900 2756 uietne
923 2701 968 2756 eat
990 2693 1035 2755 nii·
1056 2692 1145 2754 isreel

802 2830 841 2891 ab
864 2828 1037 2909 alienigenis
1060 2838 1090 2889 et
1113 2827 1180 2889 nnl-

801 2974 923 3026 neratus
946 2973 993 3025 eat
1015 2973 1044 3022 et
1066 2962 1181 3024 exerei-

802 3108 851 3161 tus
874 3100 902 3160 in
926 3118 1031 3177 eampo
1053 3107 1163 3178 quain-

802 3253 836 3296 0r
857 3234 937 3297 milia
959 3233 1109 3295 hominnm
1133 3239 1163 3292 et

803 3370 886 3432 uenit
908 3370 1033 3451 populus
1056 3369 1085 3429 in
1108 3386 1176 3428 aas·

802 3514 851 3566 tra
873 3512 902 3563 et
925 3504 1063 3565 dixerunt
1087 3502 1212 3564 maiores

802 3646 874 3700 netu
897 3639 925 3698 in
947 3638 1033 3699 israel
1057 3655 1148 3718 qnare

803 3772 948 3853 percussit
970 3791 1024 3835 nea
1046 3754 1111 3833 di'n'e
1132 3770 1187 3833 he·

802 3906 850 3969 die
874 3925 971 3971 aeram
994 3908 1137 3988 alienige-

802 4043 856 4103 nie.
900 4042 1053 4104 Tolienine
1076 4060 1175 4103 ercam

802 4176 850 4239 dei
873 4177 966 4239 nostri
989 4196 1026 4239 ex
1048 4177 1130 4237 selon
