3325 4959
546 756 585 815 14,
604 752 661 803 tut

332 934 364 987 et
385 922 502 987 scindet
524 941 590 984 oum
614 922 691 986 eois·

334 1076 405 1122 eura
427 1076 534 1139 magua
556 1077 622 1119 inea

334 1194 479 1257 eradicem
505 1192 626 1255 eraditis
649 1191 750 1254 hiero-

333 1330 431 1393 boam.
474 1330 516 1395 ut
538 1327 618 1391 dioec
641 1325 668 1388 ei

333 1464 409 1528 haee
431 1465 508 1527 dixit
535 1443 601 1527 dtu}
622 1458 737 1541 accipi-

334 1608 401 1663 etur
420 1618 440 1662 a
462 1618 509 1661 rue
531 1598 645 1661 scieura

337 1745 368 1798 et
389 1733 507 1797 areaoit.
551 1733 593 1795 Et
614 1729 720 1793 aetetit

335 1866 508 1933 hieroboam
529 1876 561 1929 et
583 1867 659 1931 dixit
681 1864 709 1927 ci

338 2010 439 2073 aureae
460 2008 536 2069 haec
557 2006 633 2069 dixit
655 1982 721 2067 d‘u'r'e

339 2163 429 2226 super
449 2144 551 2205 decem
575 2140 671 2203 tribue

339 2282 443 2346 israel.
487 2279 529 2341 Et
551 2274 628 2337 dixit
649 2290 747 2353 popu·
825 2341 831 2349 ι

340 2418 388 2481 lue
412 2417 450 2478 ad
474 2412 597 2475 roboam
619 2409 711 2471 filium

340 2544 501 2617 solomonis
523 2555 607 2629 pater
625 2554 696 2607 tuus

341 2686 482 2752 adurauit
504 2658 627 2747 uiuouir'a¹

343 2840 432 2904 super
454 2838 508 2882 uoe
530 2828 559 2877 et
581 2816 630 2876 in·

341 2953 480 3039 grauauit
503 2952 584 3015 cibos
607 2968 692 3011 men·

341 3111 394 3158 eae
413 3110 493 3154 suae.
540 3086 579 3149 Et
601 3102 678 3147 nuno
698 3082 724 3143 ei

341 3226 532 3292 reieueuerae
555 3240 607 3283 noe
630 3237 695 3281 aer·

341 3363 458 3427 uiemue
480 3358 547 3424 tibi.
591 3358 633 3421 ut
655 3352 732 3418 dixit
753 3370 803 3417 re-

344 3494 510 3562 cordemini
533 3491 674 3573 populum

345 3641 414 3713 poet
437 3631 566 3693 triduum
588 3644 711 3706 respon-

248 3812 249 3815 =
342 3768 414 3831 dero
436 3764 521 3828 uobis
543 3762 676 3825 uerbum.

344 3904 387 3967 Et
409 3901 486 3964 dixit
505 3898 627 3961 roboam
649 3896 746 3959 intro·

343 4038 443 4103 ducite
466 4034 536 4097 mihi
557 4032 715 4115 presbyte-

790 415 857 480 uu.
880 416 922 479 er
943 417 973 480 a.

781 600 828 664 111
852 600 894 683 (ι)
910 601 986 685 aeg.

958 754 968 803 i
986 752 1030 817 (ei.
1049 756 1078 804 11
1097 756 1152 805 Par.
1173 758 1210 805 10.
1232 755 1333 813 l-lt.)

913 940 963 985 roe
985 932 1015 984 et
1037 922 1216 986 consiliabor

861 1138 865 1147 .
913 1055 1042 1119 cumeis
1064 1060 1141 1139 quod
1165 1077 1265 1122 recor-

914 1191 1027 1254 damini
1049 1190 1095 1254 die
1117 1193 1208 1255 tertia
1242 1202 1244 1218 '

916 1335 947 1389 ot
969 1329 1121 1391 ooueuitus
1144 1339 1189 1389 eet
1212 1307 1303 1389 roboc

917 1465 955 1526 ad
973 1482 1059 1527 aures
1076 1482 1175 1528 eorum
1191 1442 1227 1526 cu

919 1597 1076 1661 mandauit
1097 1597 1225 1679 populus

919 1736 1058 1797 adeum.
1103 1734 1144 1796 ut
1165 1733 1302 1795 dixerunt

920 1868 1106 1951 praesbyteri
1129 1867 1230 1949 populi

921 2005 970 2067 iao
992 2003 1070 2067 aiout
1093 2005 1209 2066 locutua
1230 2016 1275 2065 aet

922 2140 961 2201 ad
984 2150 1015 2202 te
1036 2140 1164 2220 populus
1186 2147 1217 2198 et
1238 2137 1281 2198 aic

925 2273 1004 2336 dices
1026 2273 1063 2335 ad
1088 2273 1228 2352 populum
1252 2285 1281 2332 et

923 2408 1037 2490 spreuit
1059 2409 1181 2470 roboam
1204 2426 1276 2469 eou-

924 2544 1021 2606 eilium
1045 2562 1154 2607 eorum.
1200 2541 1241 2603 Et
1262 2560 1320 2602 ucc

924 2677 1036 2759 placuit
1056 2678 1085 2740 iu
1109 2686 1265 2757 conspect-

922 2832 970 2875 um
994 2813 1065 2875 ciue.
1110 2809 1255 2873 demisit

924 2956 955 3009 et
976 2946 1142 3009 introduxit
1164 2965 1237 3008 cou-

925 3082 1078 3144 laotaueoe
1099 3101 1167 3144 suos
1189 3091 1219 3142 et

925 3217 1079 3279 eouaultue
1101 3225 1147 3277 eet
1169 3215 1211 3278 eie
1233 3215 1313 3276 dice-

926 3371 961 3413 ua
983 3350 1057 3414 haec
1078 3361 1108 3410 et
1130 3352 1205 3412 hacc
1228 3369 1313 3411 man-

928 3485 1013 3549 dauit
1035 3488 1073 3548 ad
1090 3506 1147 3584 'me
1171 3484 1298 3566 populus

833 3699 837 3704 ,
927 3630 958 3683 et
976 3620 1115 3685 dixerunt
1137 3620 1256 3682 conlac-

927 3757 1008 3820 tauei
1031 3756 1094 3819 ciue
1116 3754 1159 3818 aio
1181 3751 1254 3835 loq'·

927 3892 970 3956 rie
991 3893 1029 3954 ad
1052 3890 1193 3972 populum
1216 3888 1297 3950 dice-

927 4048 962 4091 ue
985 4025 1135 4109 pusillitae
1157 4042 1241 4086 meae
