3325 4959
814 435 880 500 Ful.
904 436 967 500 3b.

742 619 759 681 1
780 620 856 701 mg.
877 621 908 700 (1
930 621 1030 703 stu.)

541 777 580 835 ιι,
598 776 672 823 c-e.

338 946 369 1001 ct
391 937 480 1001 locuti
504 949 574 1002 sunt
596 941 623 1001 ei
645 940 738 1003 uerba
760 939 809 1003 ui-

337 1092 435 1135 rorum
457 1073 540 1137 iabes
563 1085 594 1137 et
615 1074 779 1138 transiliuit

337 1212 460 1295 spiritus
482 1193 543 1274 drffi
566 1214 594 1272 in
616 1210 683 1275 saul
707 1227 774 1272 cum

337 1348 452 1411 audiuit
474 1348 550 1409 haec
572 1347 665 1408 uerba
678 1353 717 1435 'et
738 1344 766 1405 i·

298 1544 301 1552 r
337 1493 422 1547 ratus
443 1484 540 1545 iactus
564 1492 718 1560 estsuper

338 1639 389 1681 eos
409 1617 564 1681 iracundia
586 1635 694 1695 magna
715 1622 745 1676 et

337 1755 453 1834 accepit
476 1756 551 1817 duas
572 1771 678 1814 uaccas
700 1762 731 1812 et

337 1888 554 1953 demembranit
575 1888 643 1950 illas
666 1896 697 1948 et
719 1885 777 1948 mi-

336 2025 377 2087 sit
396 2025 425 2087 iu
449 2043 564 2085 omnem
588 2023 736 2104 regionem

334 2160 423 2224 israel
447 2176 499 2240 per
521 2177 626 2222 manus
648 2179 728 2220 uun-

334 2297 442 2359 tinrum
466 2295 568 2357 dicens
590 2293 641 2374 qui
663 2313 720 2356 non

333 2431 476 2512 prodierit
499 2438 567 2512 post
589 2430 654 2492 saul
676 2438 708 2492 et

332 2576 403 2646 post
424 2566 537 2629 samuel
560 2566 604 2628 sic

332 2703 444 2764 iacient
466 2704 563 2765 bubus
587 2702 649 2763 eius

333 2847 363 2900 et
385 2838 497 2899 decidit
518 2856 611 2917 pauor
634 2817 693 2897 dffii
715 2834 746 2897 in

332 2974 474 3055 populum
497 2971 585 3032 israel
608 2982 637 3032 et
660 2971 722 3033 cla-

333 3117 490 3170 mauerunt
512 3106 596 3187 quasi
619 3107 666 3167 uir

333 3263 409 3307 unus
431 3253 461 3303 et
482 3222 625 3322 inspicuit
648 3260 698 3303 ecs
719 3240 749 3302 in

333 3383 423 3443 bama
446 3397 561 3439 ornnem
585 3376 681 3438 uirum

331 3515 420 3577 israel
442 3516 596 3576 sexcentis
619 3512 700 3574 milia

334 3659 364 3712 et
386 3650 465 3712 uiros
487 3649 558 3710 iuda
579 3646 679 3710 XXX
702 3645 793 3709 milia.

333 3783 374 3845 Et
397 3784 474 3846 dixit
494 3783 604 3845 nuntiis
626 3783 676 3865 qui
698 3801 753 3844 ue·

334 3926 440 3980 nerant
461 3916 537 3980 haec
560 3917 664 3980 dicetis
685 3916 733 3978 ui·

333 4052 374 4113 ris
396 4051 472 4113 iubis
494 4071 558 4113 cras
580 4052 666 4114 uobis
688 4050 747 4114 crit

333 4187 415 4247 salus
437 4185 602 4247 calescente
624 4186 685 4248 sole

1090 781 1130 835 11,
1148 780 1239 825 9-13.

910 951 941 1004 et
963 953 1107 1005 uenerunt
1125 941 1223 1004 nuntii

909 1096 929 1139 a
950 1077 1101 1140 ciuitatem
1125 1088 1156 1139 et
1177 1097 1288 1140 renuu-

909 1213 1061 1276 tiauernnt
1083 1212 1155 1275 uiris
1175 1212 1254 1275 iabis
1275 1223 1307 1275 et

909 1348 1069 1411 exhilarati
1091 1362 1161 1411 sunt
1183 1360 1213 1410 et
1234 1349 1305 1412 dix·

908 1493 994 1545 eruut
1016 1482 1073 1545 uiri
1094 1482 1171 1545 iahia
1193 1503 1260 1547 cras
1281 1503 1336 1548 ax·

908 1618 976 1679 ietia
998 1619 1037 1681 ad
1059 1638 1134 1695 naas
1156 1629 1188 1682 et
1209 1582 1327 1683 iacietis
1349 1639 1405 1682 uo-

909 1751 958 1815 bis
980 1772 1095 1816 omnem
1118 1755 1227 1817 bonum
1250 1768 1320 1819 cord

908 1888 994 1951 uobis
1017 1898 1048 1949 et
1069 1891 1179 1952 iactum
1201 1899 1247 1951 est
1267 1900 1337 1971 post

907 2023 1069 2086 crastinum
1092 2026 1141 2087 die
1160 2025 1315 2088 constituit

907 2159 972 2221 saul
995 2159 1136 2240 pupulum
1159 2160 1188 2221 in
1211 2159 1308 2222 tribua
1322 2179 1378 2239 ag-

837 2358 842 2366 ,
907 2291 1036 2356 minibus
1058 2303 1089 2355 et
1109 2294 1245 2356 intraue-

906 2430 947 2491 rit
968 2429 998 2492 in
1022 2429 1119 2491 media
1140 2441 1241 2492 castra
1263 2429 1293 2491 in
1316 2429 1366 2490 ui-

906 2564 977 2638 ¹uilia
1000 2564 1150 2627 matutina
1172 2574 1202 2626 et
1221 2583 1341 2645 percus·

904 2700 944 2761 sit
965 2700 1042 2762 filios
1064 2718 1181 2762 ammon
1204 2718 1296 2779 usque
1333 2778 1337 2786 A

905 2836 975 2895 dum
997 2834 1142 2896 calesceat
1164 2833 1237 2897 dies.

904 2971 944 3031 Et
965 2971 1075 3031 factum
1099 2980 1145 3030 est
1167 2970 1217 3051 qui
1238 2987 1346 3050 super·

903 3106 1023 3167 fuerunt
1045 3104 1172 3184 disparsi
1195 3112 1265 3166 sunt

903 3248 934 3301 et
955 3259 1012 3300 non
1034 3251 1103 3302 sunt
1124 3239 1220 3301 relicti
1241 3238 1271 3300 in
1293 3237 1342 3318 ip-

905 3375 945 3435 sis
967 3382 1085 3437 tautum
1107 3376 1165 3436 duc
1187 3385 1219 3435 et
1240 3373 1285 3434 di-

903 3510 950 3571 xit
972 3510 1097 3590 populus
1120 3512 1157 3571 ad
1180 3507 1293 3570 samuel

903 3644 968 3726 quis
990 3664 1022 3706 es
1044 3643 1093 3726 qui
1116 3644 1191 3706 dixit
1212 3661 1288 3724 quc-

904 3781 983 3843 niam
1007 3782 1072 3844 saul
1089 3762 1153 3842 non
1173 3795 1282 3857 regna-

904 3918 949 3979 bit
970 3917 1065 3980 ucbis.
1108 3914 1210 3977 Trade
1232 3910 1317 3972 nubis

901 4051 1037 4115 homines
1059 4061 1090 4112 et
1108 4046 1269 4112 interficie-

903 4204 968 4248 mus
991 4205 1049 4248 eoa.
1093 4186 1134 4247 Et
1156 4183 1234 4245 dixit
1254 4181 1320 4243 saul
