3325 4959
862 465 907 525 lV

333 652 388 713 mis
409 650 487 712 loliis
509 650 636 729 vestigia
658 652 753 713 latent
775 650 930 731 seripturae
952 649 1126 729 antiquioris
1149 647 1273 710 uncialis
1296 650 1342 710 vel
1355 670 1421 711 ma·

338 767 458 830 iusoulae
481 777 561 829 certe
585 788 641 829 non
666 778 735 849 post
757 767 897 830 saeculnm
922 766 1056 847 quintum
1079 765 1207 845 eoriptae.
1252 768 1285 830 ln
1301 776 1430 849 utroquo

333 885 470 965 oat'elogo
491 904 582 964 supra
605 885 686 946 dioto
708 885 828 947 additur
851 884 928 945 bano
943 885 1120 964 scripturam
1142 885 1310 963 fragmenta
1334 886 1427 947 libro-

335 1022 397 1065 rum
422 1004 538 1081 Regum
562 1003 723 1075 continere,
753 1003 835 1064 nulla
865 1014 964 1063 tamen
987 1002 1129 1063 adiunota
1156 1002 1365 1065 observatione
1391 1006 1430 1063 do

277 1185 279 1191 ,
334 1121 430 1181 indole
473 1120 623 1194 versionis,
662 1139 749 1201 quarn
789 1118 893 1182 statim
928 1119 1061 1180 intellexi
1101 1118 1425 1201 antehieronymianam

335 1256 409 1301 esse.
455 1238 583 1299 Domum
608 1257 745 1300 reversus
769 1236 829 1299 vidi
854 1256 979 1317 qnoque,
1002 1236 1081 1298 hano
1096 1238 1313 1299 translationen
1330 1238 1426 1300 edito-

334 1356 415 1416 ribus
440 1356 672 1430 „Analeotorum
697 1355 979 1435 grammaticorum“
1005 1356 1153 1435 cognitam
1176 1356 1276 1430 luisse,
1298 1369 1330 1417 et
1357 1376 1427 1436 epe·
1474 1360 1478 1365 “

335 1472 428 1535 cimon
452 1473 537 1535 unius
560 1475 704 1536 oolumnae
727 1476 760 1552 (2
775 1474 859 1536 Sam.
873 1474 922 1546 11,
946 1473 1042 1552 2-6)
1066 1474 1094 1535 in
1108 1476 1281 1554 praeiatione
1304 1476 1371 1536 libri
1387 1477 1430 1536 ab

334 1593 370 1654 iis
397 1592 510 1655 editum
533 1613 608 1657 esse.

419 1712 476 1773 Est
498 1713 589 1791 igitur
617 1714 710 1774 oodex
737 1710 970 1793 polimpeeetem
1003 1730 1090 1790 quem
1118 1720 1227 1772 vocant
1248 1730 1300 1771 seu
1334 1710 1432 1772 nomm

333 1830 517 1911 rescriptos.

344 1999 347 2007 .
420 1946 518 2019 Quum
543 1949 748 2009 tautummodo
788 1947 940 2027 paululum
975 1944 1073 2007 adbuc
1106 1944 1247 2006 librorum
1279 1944 1431 2006 Samuelis

336 2067 509 2147 Regumqua
526 2085 562 2127 ex
585 2064 751 2146 antiquiore
765 2066 821 2126 hao
844 2064 1041 2126 translatione
1064 2064 1158 2126 latina
1168 2067 1319 2140 cognitum
1345 2060 1431 2142 sit¹)‚

336 2184 530 2245 vehementer
564 2184 705 2262 optabam
729 2182 840 2263 aliquid
869 2181 1055 2261 palimpsesti
1078 2182 1165 2243 huius
1188 2182 1431 2244 Vindobonensis

336 2304 442 2383 legere,
466 2302 514 2383 qui
539 2302 649 2363 maiora
674 2301 778 2363 horum
803 2300 943 2361 librorum
967 2301 1134 2379 fragmenta
1156 2320 1193 2361 ex
1210 2302 1312 2361 eadem
1329 2309 1432 2361 trane-

337 2421 446 2482 latione
480 2422 622 2484 continet.
678 2420 748 2489 Sed,
777 2431 933 2499 postquam
969 2419 1101 2498 periculo
1135 2439 1187 2499 per
1222 2421 1320 2498 plures
1342 2418 1432 2479 horas

336 2541 446 2602 frustra
461 2542 550 2612 laeto,
563 2538 621 2598 vidi
636 2540 672 2599 ad
685 2537 798 2600 lelioem
811 2550 949 2599 eventum
963 2540 1019 2598 hau
1031 2538 1080 2597 via
1094 2538 1241 2617 perveniri
1258 2557 1314 2598 non
1328 2556 1425 2617 posse,

336 2660 373 2721 ad
399 2658 619 2739 mioroscopiam
637 2676 724 2738 quam
739 2667 847 2719 vocant
860 2658 986 2736 coniugi,
1002 2657 1084 2718 ouius
1100 2656 1206 2717 deinde
1228 2675 1283 2733 ope
1295 2654 1428 2727 adiutus,

337 2777 467 2847 tandem,
490 2776 546 2838 etei
580 2794 637 2837 non
661 2775 724 2837 sine
755 2794 861 2851 magna
897 2773 1080 2847 difficultate,
1114 2783 1269 2835 assecutus
1296 2793 1372 2845 sum,
1396 2782 1428 2834 ut

338 2894 493 2956 leotionem
517 2896 555 2956 51
579 2870 751 2973 paginarum
774 2895 930 2972 seripturae
956 2893 1131 2973 antiquioris
1153 2892 1349 2953 absolverem.
1393 2892 1427 2951 ln

337 3013 443 3074 oeteris
476 3012 590 3092 paginis
624 3010 688 3074 baeo
725 3012 873 3091 scriptura
905 3011 1055 3091 antiquior
1087 3012 1131 3072 ita
1165 3012 1274 3071 abrasa
1307 3019 1362 3082 est,
1396 3019 1431 3069 ut

337 3129 410 3191 nihil
434 3148 554 3210 prorsus
579 3130 717 3192 extricari
740 3130 843 3209 possit.
888 3129 1044 3210 Soriptura
1067 3148 1155 3210 quum
1183 3129 1331 3209 antiquior
1365 3136 1428 3188 tum

337 3246 483 3309 recentior
506 3250 628 3309 eandem
654 3238 744 3310 habet
768 3248 973 3320 directionem,
996 3249 1025 3308 in
1049 3248 1173 3327 singulis
1195 3246 1311 3326 paginis
1345 3245 1430 3307 binas

337 3364 489 3428 columnas
511 3367 718 3446 complectens.
762 3368 808 3429 Ex
830 3368 979 3445 scriptura
1008 3365 1141 3447 antiqua,
1165 3386 1231 3446 quae
1254 3365 1378 3445 pulchra
1400 3379 1430 3423 et

364 3530 385 3596 ¹)
404 3534 488 3584 Adhuo
514 3538 632 3586 librorum
662 3538 782 3587 Samuelis
800 3542 825 3585 et
843 3537 934 3597 Regum
953 3553 982 3585 ex
1006 3539 1051 3584 heo
1075 3537 1234 3584 translatione
1262 3537 1361 3596 antiqua
1376 3540 1430 3583 tan-

405 3621 531 3669 tummodo
545 3624 596 3670 hero
605 3623 670 3671 edite
680 3628 705 3672 et
716 3623 813 3683 cognite
822 3626 891 3670 sunt:
928 3622 1052 3671 cautinum
1062 3621 1155 3671 Hanno
1174 3619 1199 3681 (l
1212 3621 1275 3669 Sam.
1294 3624 1317 3668 2.
1338 3618 1432 3682 1-10)

406 3704 431 3752 in
450 3705 602 3765 „bibliorum
622 3721 746 3755 saeuorum
764 3707 846 3755 letinae
865 3706 988 3755 versiones
1006 3704 1068 3764 eto“‚
1087 3718 1148 3765 quae
1158 3702 1235 3752 edidit
1252 3705 1281 3753 P.
1290 3704 1433 3753 Sabateriue

406 3789 511 3851 Remigii
532 3794 595 3839 1743
615 3788 658 3853 (ex
676 3790 757 3840 oodioe
777 3790 860 3851 aliquo
874 3786 1099 3851 Sengermenenei);
1117 3788 1165 3836 duo
1183 3786 1317 3848 fragmenta
1335 3789 1433 3836 minima

375 3859 378 3868 ¹
407 3870 433 3935 (l
454 3874 517 3924 Sam.
537 3878 561 3937 9,
581 3876 659 3934 1-n;
682 3881 719 3937 15,
742 3875 854 3938 10-18)
873 3876 941 3924 edita
958 3890 972 3923 a
992 3876 1030 3925 W.
1039 3877 1128 3925 Sehnm
1147 3876 1172 3922 in
1183 3874 1301 3934 „Studien
1318 3874 1367 3922 und
1377 3874 1436 3922 Kri.

406 3957 489 4007 tiken“
508 3974 570 4009 enno
595 3964 657 4010 1876
685 3976 714 4010 ex
733 3961 826 4010 duobus
845 3961 914 4009 loliis
933 3976 946 4009 e
963 3961 1109 4021 tegumentis
1127 3959 1246 4007 librorum
1264 3956 1433 4005 nonnullorum

407 4041 604 4105 Quodlinbnrgiae
622 4046 743 4106 sumptie;
769 4045 874 4106 denique
898 4044 947 4093 duo
973 4041 1108 4105 fragmenta
1134 4044 1160 4102 (2
1178 4043 1242 4091 Sam.
1265 4046 1303 4101 10,
1329 4044 1435 4101 18-11,

409 4133 453 4191 17;
475 4133 513 4190 14,
534 4128 648 4193 17-30)
666 4132 691 4178 iu
709 4130 805 4179 duobus
823 4130 891 4179 foliis
911 4146 939 4178 ox
957 4129 1104 4190 tegumentis
1129 4128 1248 4176 librorum
1266 4127 1361 4187 aliquot
1379 4124 1436 4172 Vin·

408 4212 508 4262 dobonoe
526 4216 632 4275 sumptis
650 4220 675 4265 et
692 4215 782 4264 ibidem
800 4216 824 4263 in
840 4218 888 4263 120
906 4213 1084 4274 exemplaribus
1104 4213 1170 4260 edita
1187 4202 1246 4260 XIV
1267 4211 1317 4260 Cel.
1337 4210 1437 4257 Deeem·

407 4298 458 4346 bris
468 4312 529 4348 anno
541 4300 769 4350 MDOOCLXXVH
778 4299 809 4347 ad
819 4298 962 4349 celebranda
972 4298 1089 4347 solemnia
1098 4297 1213 4345 celeberr.
1223 4296 1332 4344 doetoris
1338 4293 1440 4341 Ernesti

407 4382 436 4431 de
455 4384 523 4444 Birlr,
543 4385 658 4447 Praesenti
670 4384 825 4433 bibliothoaae
844 4385 960 4434 cesareae
979 4383 1060 4443 Regia
1078 4382 1194 4431 Palatina
1213 4383 1314 4440 propter
1331 4377 1439 4426 folioiter

406 4471 531 4527 pernotum
550 4473 575 4519 in
592 4470 738 4518 bibliotheca
756 4467 799 4516 XL
818 4480 935 4515 annorum
953 4467 1054 4529 oyelum.
