3325 4959
824 436 888 497 rot.
913 434 953 497 35
968 437 997 497 b.

773 620 788 682 1
810 621 885 700 Reg.
909 621 937 697 (Ι
959 620 1056 699 Sem.)

556 777 595 833 10,
617 775 723 823 16-20.

597 876 696 883 -..ῳ-

371 952 419 1003 tae
441 951 513 1002 eunt
535 942 645 1003 asinae.
695 924 802 1005 Uerbff

371 1086 471 1140 entem
494 1076 575 1155 regni
598 1095 655 1139 nen
678 1075 759 1138 indi·

369 1216 451 1281 eeuit
472 1216 510 1279 ei.
554 1213 595 1274 Et
617 1210 769 1292 praecepit
791 1184 912 1274 semu-¹

370 1352 398 1413 el
419 1348 498 1412 omni
521 1347 628 1428 populo
652 1365 762 1409 eonne-

371 1485 433 1547 nire
455 1485 493 1545 ad
515 1464 583 1544 dein
606 1483 634 1545 in
659 1491 810 1562 mensepet

372 1629 402 1681 et
425 1619 502 1682 dixit
525 1627 557 1679 nt
579 1617 656 1681 filies
677 1617 765 1679 isreel

371 1756 445 1818 haee
467 1753 544 1816 dixit
567 1735 632 1815 dns
654 1734 692 1813 d}
710 1752 799 1814 isreel

372 1908 424 1968 ege
447 1886 560 1950 adduxi
581 1887 656 1949 filios
678 1887 766 1949 isreel

372 2027 411 2087 ab
434 2032 569 2105 aegypto.
614 2024 654 2084 Et
676 2020 770 2101 eripui
794 2041 830 2083 n-

372 2160 463 2220 esde
487 2177 575 2219 mann
596 2159 679 2219 farao
702 2157 779 2238 regis

372 2292 502 2374 aegypti.
548 2291 588 2352 Et
610 2292 646 2354 de
669 2310 756 2354 menn
779 2309 846 2352 em-

373 2420 453 2490 nium
475 2444 576 2508 regum
599 2425 648 2506 qni
671 2426 798 2489 tribule·

374 2572 555 2639 neruntuos.
584 2562 688 2623 Etnns
702 2540 908 2640 hodienpreess

375 2696 461 2761 nistis
485 2699 571 2760 deum
595 2694 645 2777 qni
668 2705 713 2756 est
739 2714 808 2757 nes-

258 2912 262 2919 ,
346 2836 350 2844 ’
374 2844 419 2895 ter
441 2832 585 2895 liberator
605 2838 636 2891 et
657 2831 759 2893 seiun-

338 3035 342 3041 ,
375 2980 423 3031 tor
445 2986 482 3029 ex
504 2967 641 3028 ernnibns
665 2966 750 3027 melis

374 3102 483 3165 uestris
504 3111 536 3162 et
557 3103 593 3162 de
616 3098 788 3163 tribulatio·
817 3122 819 3126 ·

377 3234 463 3299 nibus
485 3235 600 3299 nestris.
646 3236 686 3296 Et
708 3233 775 3295 dix·

376 3370 442 3435 istis
464 3391 528 3467 non¹
545 3373 596 3433 sed
621 3388 717 3449 regern
742 3388 814 3431 enn-

377 3508 468 3571 stitue
491 3525 661 3586 supernos.
706 3505 746 3566 Et

378 3659 456 3704 nnnc
479 3651 576 3703 estote
599 3650 668 3702 ente
691 3620 758 3702 deff]

378 3776 540 3839 seeundum
563 3776 660 3837 tribus
684 3784 801 3837 nostres

355 3882 361 3901 ἱ
380 3920 411 3973 et
432 3912 593 3973 seeundum
617 3910 747 3971 familias
769 3930 839 3973 nes·

380 4055 452 4109 tres.
495 4047 538 4108 Et
559 4044 687 4106 adduxit
708 4045 822 4110 namnet

381 4198 483 4242 omnen
505 4181 600 4242 tribus
623 4180 710 4243 ierne!

1114 776 1153 835 10,
1172 777 1279 823 20-24.

1258 875 1460 886 -ο--ιιο--ο-

941 953 972 1003 et
992 942 1092 1003 sortiti
1114 953 1193 1003 sunt.
1238 943 1280 1003 Et
1301 941 1374 1004 exiit

940 1096 1004 1140 sore
1026 1077 1122 1140 tribue
1143 1074 1302 1138 beniamin.

942 1214 983 1293 Et
1003 1211 1132 1274 necessit
1153 1211 1251 1273 tribue
1273 1209 1378 1272 benia-

942 1348 1000 1409 min
1023 1347 1185 1409 eeenndum
1208 1365 1319 1425 eogun-

941 1481 1404 1559 fimfflfflmw

941 1616 1069 1678 nationis
1092 1615 1262 1678 mattharin.
1307 1616 1348 1677 Et
1445 1672 1449 1679 .

941 1751 1066 1813 adduxit
1088 1751 1294 1830 cognationem

942 1877 1092 1948 metherin
1115 1905 1169 1966 per
1190 1885 1320 1967 singulos

941 2022 1030 2085 uires.
1076 2021 1117 2083 lit
1139 2020 1214 2082 exiit
1235 2040 1300 2082 sore
1321 2021 1386 2083 enni

941 2156 1020 2219 filius
1040 2156 1113 2219 chin.
1160 2158 1200 2219 Et
1222 2157 1406 2238 quaerebant

942 2311 1009 2354 enm
1031 2302 1063 2353 et
1083 2310 1140 2354 nen
1164 2292 1357 2353 inueniebent

942 2436 974 2489 et
996 2427 1190 2508 interrogauit
1212 2428 1325 2489 samuel

943 2562 1041 2625 adhue
1063 2563 1092 2623 in
1116 2545 1184 2624 dni
1206 2582 1243 2624 en
1266 2570 1409 2625 uenturus

945 2707 1025 2772 nnn
1046 2697 1095 2760 tno
1118 2697 1192 2760 saur.
1243 2698 1284 2759 nt
1304 2696 1379 2759 nnn
1402 2675 1468 2757 nffi's

946 2851 1014 2895 eeee
1036 2833 1201 2895 absconsus
1223 2842 1270 2894 est
1293 2831 1340 2893 hie

946 2969 1022 3029 inter
1045 2987 1126 3031 nese.
1170 2968 1211 3030 Et
1232 2967 1363 3030 excurrit

945 3103 1059 3165 eamne}
1083 3112 1113 3162 et
1134 3102 1247 3183 necepit
1269 3122 1335 3166 enm

946 3236 1025 3301 inde.
1070 3238 1110 3299 Et
1132 3256 1199 3300 enee
1222 3238 1308 3301 stetit
1331 3239 1359 3299 in
1383 3256 1447 3297 me-

948 3372 996 3433 dio
1018 3373 1128 3453 populi.
1173 3374 1214 3435 Et
1235 3374 1387 3435 exaltatur

906 3561 908 3566 ,
949 3518 996 3569 est
1018 3526 1108 3588 snper
1129 3528 1245 3569 ornnem
1267 3527 1366 3588 popu·

949 3643 1011 3705 lum
1034 3646 1074 3706 eb
1098 3644 1206 3705 umeris
1229 3653 1260 3704 et
1281 3660 1381 3721 supra.

951 3778 993 3840 Et
1014 3777 1091 3840 dixit
1112 3778 1225 3841 namuel
1248 3780 1286 3839 ed
1310 3788 1396 3839 omne

951 3914 1095 3994 populum
1118 3912 1144 3975 si
1166 3912 1286 3975 uidistis
1309 3925 1366 3995 que

952 4047 1040 4127 elegit
1062 4030 1127 4109 dnTe
1149 4048 1289 4128 qnoniam
1312 4068 1366 4116 ner

886 4213 889 4220 .
954 4200 1001 4243 mo
1024 4191 1071 4244 est
1093 4182 1199 4244 similis
1221 4183 1263 4245 illi
1286 4185 1315 4245 in
1339 4203 1404 4246 orn·
