3325 4959
676 442 740 505 nol.
763 439 824 504 9o.

601 628 633 690 II
655 628 729 708 Reg.
752 624 797 709 (ΙΙ
819 625 919 705 Sum.)

397 786 436 843 ιε,
455 784 564 833 34-38.

211 957 242 1012 et
264 949 347 1012 uenit
370 950 542 1030 explorator

212 1095 242 1146 et
263 1083 414 1147 nuntiauit
436 1084 498 1165 regi
521 1093 552 1146 et
574 1083 623 1146 di·
670 1052 671 1055 Ἴ

211 1219 258 1281 xit
279 1218 360 1283 uiros
384 1219 447 1281 uidi
468 1221 500 1281 in
522 1220 603 1283 nium

212 1373 287 1435 qnae
310 1364 355 1415 est
378 1372 477 1415 eornm
499 1356 609 1419 saltum

212 1488 321 1551 mentis

211 1632 242 1684 et
264 1622 341 1685 dixit
363 1623 491 1685 ionadab
515 1624 552 1685 od
577 1643 626 1686 no-

211 1777 276 1839 gem
299 1776 369 1819 eoos
390 1757 442 1819 filii
464 1758 543 1839 regis

210 1902 357 1955 uenerunt
382 1903 421 1956 et·
434 1912 542 1955 seonn-

210 2027 280 2089 dum
304 2029 427 2090 uerbum
452 2030 532 2092 serui

210 2162 254 2223 tui
281 2162 359 2225 siout
380 2165 490 2227 foetum
516 2176 561 2227 est

210 2305 240 2357 et
262 2316 329 2359 ecce
352 2317 418 2362 oum
442 2298 604 2362 cessauerit

210 2434 339 2496 ionadab
363 2434 485 2516 loquens
507 2454 558 2496 eo-

211 2588 243 2629 os
265 2567 318 2630 filii
341 2568 420 2650 regis
441 2579 586 2632 uenerunt
620 2590 625 2597 ·

214 2711 244 2763 ot
265 2704 441 2767 leuauerunt
461 2722 564 2766 noosnu

215 2856 298 2898 sunm
322 2847 353 2900 et
377 2840 567 2919 plornuerunt

122 2978 126 2986 “
213 2980 245 3032 et
266 2991 320 3032 rex
342 2982 373 3033 et
393 2993 492 3036 omnes
513 2993 589 3055 poe-

212 3106 236 3167 ri
260 3108 323 3169 eius
345 3108 537 3188 plorsuerunt
558 3108 626 3189 plo·

211 3251 308 3303 rutum
332 3243 419 3305 ualde
442 3251 472 3305 st
492 3243 638 3306 hohense-

210 3376 258 3437 lon
281 3377 409 3458 fugitet
433 3378 515 3440 uenit
537 3379 575 3439 od

211 3511 295 3572 tolmi
318 3512 412 3575 filium
436 3512 529 3574 amiot

211 3666 307 3727 regem
331 3666 434 3727 gessur
455 3646 492 3709 io
514 3653 579 3711 ter-

210 3798 283 3843 ram
304 3783 430 3845 haemo.
475 3782 515 3844 Et
537 3782 668 3863 ploruuit

211 3936 264 3977 rex
285 3916 376 3979 filiurn
400 3937 485 3979 suom
507 3917 537 3979 in

208 4051 316 4155 'diebus
339 4051 450 4115 multis.
494 4053 534 4115 Et
557 4054 646 4114 abes-

209 4185 294 4248 salon
317 4184 391 4265 fugit
414 4196 445 4248 et

876 784 915 841 13,
934 781 1046 837 es-os;
1067 781 1106 839 14,
1125 782 1199 827 1-4.

791 945 921 1009 obiitin
943 965 1044 1025 gessur
1066 958 1097 1009 et
1118 945 1176 1009 fuit

790 1081 834 1143 ibi
856 1091 917 1145 tres
939 1100 1042 1145 annos.
1086 1083 1127 1145 Et
1149 1080 1266 1161 requie-

791 1226 841 1281 tus
863 1228 909 1280 est
931 1215 1074 1297 iratus(!)
1097 1216 1175 1297 regis

793 1371 828 1413 no
851 1371 1026 1434 persequere
1049 1363 1118 1432 post
1140 1357 1266 1418 abessa·

793 1486 851 1551 lon.
897 1488 938 1549 Et
961 1490 1129 1553 consolatus

794 1633 841 1684 est
862 1641 915 1683 rex
938 1622 1020 1686 dnnit
1042 1644 1132 1705 snper
1155 1643 1234 1687 mor-

674 1798 678 1807 ·
793 1764 854 1818 tem
877 1757 1025 1821 hammon.
1068 1759 1109 1820 Et
1131 1777 1201 1837 cog-

793 1891 879 1954 nouit
901 1892 969 1954 ioob
991 1893 1068 1955 filius
1090 1913 1158 1990 san·

795 2027 862 2089 uiae
885 2025 956 2108 quia
977 2028 1124 2109 contegis

792 2163 935 2225 aduersus
956 2164 994 2225 ad
1017 2163 1174 2226 abessalon

795 2306 826 2359 et
849 2299 930 2360 misit
952 2298 1020 2359 inab
1044 2310 1128 2361 teooe

795 2441 826 2493 et
848 2432 919 2494 tulis
941 2434 1009 2495 inde
1033 2434 1122 2496 muli·

795 2586 875 2629 erem
897 2569 1063 2648 sapientem
1085 2579 1116 2631 et

794 2701 873 2763 dixit
894 2701 938 2762 illi
960 2722 1094 2783 suppone
1117 2722 1188 2765 uos-

794 2837 849 2899 tite
872 2847 984 2900 uestem
1002 2822 1128 2917 lugubre

794 2982 824 3033 ot
845 2994 884 3037 ne
905 2973 988 3036 unni
1009 2980 1038 3036 te
1059 2971 1123 3037 oleo

793 3118 827 3171 ut
850 3108 908 3170 eris
929 3109 1008 3171 siout
1031 3109 1135 3170 mulier

792 3261 868 3323 quoe
890 3249 955 3305 eust
977 3243 1079 3306 multis
1101 3246 1148 3306 di·

793 3377 999 3456 ebustlngens
1026 3361 1178 3442 mortuor‘n

793 3520 824 3574 et
844 3512 1018 3593 ingredieris
1040 3512 1110 3575 indo
1133 3515 1171 3575 nd

793 3666 891 3726 regem
915 3655 945 3709 et
968 3647 1097 3729 loqueris

794 3791 826 3843 at
849 3801 915 3845 eum
938 3783 1098 3845 seeundum

795 3919 918 3980 uerbum
939 3918 1004 3979 hoo.

795 4052 837 4114 Et
857 4051 956 4132 posuit
978 4052 1046 4113 iosb
1062 4034 1155 4114 uerbo

796 4186 824 4248 in
848 4204 898 4248 ore
921 4186 983 4247 eius
1005 4184 1169 4246 inseruiens
