3325 4959
516 818 554 873 16,
572 818 683 875 27-28,

337 989 368 1042 et
388 980 484 1042 omnia
509 1002 583 1063 quae
603 984 672 1045 fecit

338 1125 367 1175 et
389 1115 516 1178 uirtutes
539 1118 602 1179 eins
625 1138 682 1180 non

336 1260 406 1312 sunt
426 1253 538 1331 scripta
559 1252 587 1313 in
613 1252 686 1314 iibro

338 1386 494 1447 uerborum
518 1386 630 1447 dierum
655 1407 704 1448 re-

337 1540 403 1599 gum
428 1521 527 1585 israel.
572 1524 611 1583 Et
633 1522 743 1585 dormi·

338 1656 381 1716 nit
403 1656 499 1717 ambri
523 1677 586 1718 cnm
611 1658 708 1738 patri-

339 1793 393 1852 bns
415 1793 485 1855 suis,
531 1794 572 1853 Et
594 1793 728 1872 sepultus

339 1928 413 1989 est
406 1947 436 1989 rn
456 1928 593 1989 samaria
638 1930 680 1990 Et
702 1947 771 2007 reg·

340 2063 422 2124 nanit
410 2065 520 2125 tacab
541 2063 664 2126 filius
640 2082 702 2123 erus

340 2216 458 2275 proen.
506 2198 572 2259 Vt
566 2218 594 2259 rn
617 2216 773 2259 announ-

339 2332 453 2394 decimo
475 2334 570 2394 ambri
595 2354 660 2413 reg-

340 2469 426 2531 nauit
447 2469 555 2531 iosaiat
577 2469 654 2533 filius
675 2467 744 2529 asaf

339 2604 469 2667 XXXV
493 2604 578 2664 annis
598 2602 734 2681 regnauit

339 2740 369 2800 in
393 2738 570 2802 hierusalem
595 2752 626 2799 et
648 2759 702 2800 no-

340 2875 466 2937 eabatur
490 2885 584 2935 mater
605 2876 669 2936 eins

339 3009 444 3088 gasiba
466 3009 528 3070 iiiia
547 3009 660 3071 sellaei.
705 3011 745 3070 Et

340 3145 434 3207 abit
427 3165 456 3205 m
480 3144 529 3206 nia
551 3147 617 3206 asaf
637 3145 731 3223 patris

241 3265 243 3269 ’
340 3282 412 3342 eius.
456 3280 497 3342 Et
520 3299 575 3341 non
601 3280 733 3341 declina-

340 3414 384 3478 nit
405 3416 444 3477 ab
467 3415 518 3476 iila
539 3424 573 3477 ut
596 3417 705 3477 faceret

339 3553 415 3633 qnod
440 3561 552 3613 reatum
575 3518 620 3611 est
641 3550 670 3612 in

340 3698 502 3767 conspeetu
524 3687 583 3749 dmi
606 3696 636 3748 et

338 3822 463 3885 excelsis
485 3841 541 3884 non
565 3822 679 3885 disces·

339 3958 387 4020 sit.
431 3958 471 4019 Et
493 3957 703 4019 sacrificabant

339 4094 369 4155 in
392 4093 517 4155 excelsis
539 4102 569 4153 et
588 4090 693 4153 ineen-

794 470 859 538 ior.
881 474 923 537 20
944 492 972 536 a.

774 659 847 738 ΙΙΙ(
836 661 879 738 (Ι)
894 661 969 742 Reg.

1076 817 1116 875 16,
1134 814 1190 862 aa?

1151 916 1281 922 -—-.-...
1311 914 1426 921 ,-,.--

916 931 1036 1048 debant.
1079 984 1119 1045 Et
1142 982 1252 1044 consri-

917 1119 976 1181 tuit
995 1118 1106 1180 iosafat
1127 1137 1193 1179 enm
1214 1137 1280 1189 reue

917 1255 1014 1317 israel.
1058 1254 1099 1315 Er
1121 1253 1221 1313 omnia
1244 1272 1311 1312 ner-

919 1390 1021 1450 borum
1044 1388 1152 1449 iosaiat
1173 1397 1204 1448 et
1226 1407 1290 1446 orn-
1338 1443 1343 1452 ,
1406 1409 1412 1419 ·

918 1546 970 1587 nes
994 1523 1120 1585 uirtutes
1143 1522 1205 1583 eius
1228 1542 1302 1603 quas

918 1661 990 1722 iecit
1013 1671 1044 1721 et
1066 1678 1139 1741 qnos
1162 1678 1276 1738 expug-

919 1796 1003 1857 nauit
1024 1814 1081 1856 non
1104 1806 1176 1856 sunt
1199 1815 1230 1854 s
1223 1791 1312 1873 ripra

920 1930 949 1991 in
972 1929 1047 1991 libro
1070 1931 1226 1990 uerborum

918 2064 1032 2126 dierum
1055 2083 1153 2142 regum
1177 2066 1246 2125 iuda

919 2199 1085 2280 etreliqua
1107 2210 1192 2260 actus
1217 2217 1291 2279 quae

918 2303 1143 2415 permanserant
1165 2334 1193 2394 in
1217 2332 1266 2394 di-

919 2473 993 2550 ebus
1014 2471 1082 2532 asaf
1101 2469 1255 2549 patrissui

920 2607 1037 2667 abierat
1058 2625 1077 2666 a
1099 2614 1187 2665 terra

920 2742 959 2802 Et
983 2759 1037 2802 rex
1058 2759 1114 2801 non
1139 2738 1255 2801 eratin
1279 2740 1360 2818 syri-

919 2896 967 2937 am
992 2877 1112 2938 nasibus
1135 2886 1165 2933 et
1188 2893 1239 2935 rex

920 3012 1028 3074 iosaiat
1050 3010 1120 3072 feeit
1142 3030 1246 3072 nauem

920 3148 949 3208 in
972 3146 1103 3208 tharsem
1126 3158 1159 3208 nt
1178 3146 1235 3206 iret
1258 3146 1286 3206 in
1309 3163 1353 3205 so·

917 3299 986 3342 sora
1007 3282 1045 3341 ad
1067 3299 1171 3343 aurum
1193 3289 1223 3341 et
1239 3298 1296 3341 non

919 3416 1032 3479 inuenit
1054 3414 1125 3497 quia
1146 3423 1299 3477 eontracta

920 3562 966 3613 est
989 3552 1075 3614 nanis
1095 3552 1124 3612 in
1147 3551 1266 3613 assion-

920 3687 1019 3767 gaber
1061 3688 1146 3748 Tunc
1168 3685 1245 3747 dixit
1269 3706 1319 3747 rex

920 3825 1008 3885 israel
1030 3823 1068 3884 ad
1091 3823 1199 3883 iosaint
1221 3822 1290 3881 mit-

920 3970 982 4020 tam
1004 3978 1112 4039 pueros
1135 3976 1216 4017 meos
1237 3976 1271 4017 eu

919 4094 1018 4173 pneris
1039 4094 1100 4156 tuis
1121 4093 1150 4154 in
1175 4112 1280 4154 nauem
