3325 4959
354 738 393 815 ir,
412 754 526 815 17-203
547 756 585 816 ιε,
605 762 626 804 1.

551 858 762 866 ——--—-——

225 929 256 987 a
278 921 403 1006 asfltaa
423 905 494 985 an‘a

220 1057 347 1140 pharao
368 1056 506 1140 afflieta·

226 1193 364 1259 tionibus
385 1193 512 1273 maenia
542 1230 546 1239 ·

225 1336 253 1391 et
272 1328 472 1391 eaeaierimie
493 1335 523 1391 et

223 1484 344 1527 omnem
365 1464 491 1526 domam
513 1484 540 1527 e

222 1601 275 1663 iae
290 1608 422 1681 propter
443 1618 554 1662 raram

224 1755 344 1798 uxorem
369 1736 473 1796 abram
498 1744 527 1821 it
548 1754 603 1797 uo·

223 1872 305 1933 cauit
326 1870 438 1950 pharao
461 1872 562 1931 abram

223 2014 254 2067 et
273 2004 350 2067 dixit
371 2024 461 2085 quare
485 2025 541 2067 non

223 2140 328 2202 dixisti
351 2139 422 2201 mihi
445 2140 514 2220 quia
538 2159 611 2201 uxor

222 2287 274 2338 tua
295 2288 340 2337 est
361 2278 413 2336 sed
437 2274 540 2337 dixisti

222 2411 292 2473 mihi
315 2411 385 2492 quia
407 2430 490 2471 saror
511 2430 577 2472 mea

220 2558 264 2609 est
287 2558 318 2610 et
338 2568 391 2629 ego
414 2566 518 2625 sump-

222 2702 315 2744 seram
341 2682 412 2744 mihi
436 2682 464 2743 in
487 2694 581 2744 uxore

224 2832 294 2876 eam.
338 2818 377 2878 Et
399 2836 467 2879 eaeo
491 2818 596 2879 mulier

223 2956 275 3008 tua
297 2958 365 3009 ante
387 2960 417 3010 te
439 2963 484 3013 est
506 2952 590 3014 aeci-

222 3102 258 3161 pe
280 3092 311 3144 et
333 3102 449 3145 recurre
471 3087 548 3150 hina.

221 3218 263 3279 Et
281 3218 435 3297 praecepit
455 3222 569 3300 pharao
591 3221 640 3283 ui·

215 3352 264 3416 rie
284 3354 323 3416 de
345 3354 457 3416 abram
477 3364 514 3418 at
534 3358 634 3420 eomi-

217 3494 323 3551 tanter
344 3490 544 3553 demitterent

140 3690 142 3699 ¹
215 3630 285 3685 eam
307 3632 336 3688 et
358 3645 491 3687 errrorem
512 3627 581 3689 eiua

217 3766 248 3821 et
268 3760 377 3822 amaia
399 3778 480 3841 qaae
501 3762 557 3824 lra-

214 3893 288 3975 bait.
333 3895 379 3958 Et
401 3897 546 3960 aroenae

214 4031 316 4091 abram
340 4032 375 4091 de
399 4042 529 4115 aegypto

688 418 753 480 rot.
780 418 849 482 13⁸

707 602 852 668 Genesis.

998 764 1037 823 re,
1059 766 1130 811 1-e.

807 926 875 1007 ipre
896 933 926 989 et
947 946 1031 991 eaor
1052 928 1121 993 eirea
1142 937 1171 993 et

806 1061 915 1125 amnia
936 1060 1028 1129 itlius
1049 1071 1079 1127 et
1101 1062 1165 1127 lota

807 1216 880 1258 eam
899 1216 933 1260 ea
954 1197 991 1260 ia
1012 1182 1143 1264 detorta

807 1332 909 1393 abram
932 1345 1034 1397 autem
1058 1344 1124 1397 erat

806 1467 939 1547 locuples
962 1426 1051 1529 aeide
1073 1487 1128 1549 pe-

804 1600 924 1663 coribus
946 1612 976 1664 et
997 1615 1119 1684 argento

806 1744 838 1797 et
859 1755 931 1797 auro
955 1747 985 1798 et
1006 1740 1146 1801 abierunt

804 1870 873 1931 inde
894 1872 1048 1933 uenientes
1070 1873 1099 1933 in
1144 1848 1152 1858 .

803 2007 954 2068 desertum
978 2008 1121 2088 usquein

726 2168 730 2174 ·
805 2141 907 2202 bethel
928 2144 966 2203 ad
991 2141 1085 2204 iocum

805 2275 855 2336 ubi
879 2278 975 2338 fuerat
997 2278 1141 2338 taberna-

805 2408 902 2471 culum
925 2410 988 2473 eius
1012 2412 1094 2490 prius

803 2544 889 2607 inter
910 2544 1008 2608 bethel
1028 2554 1058 2609 et
1080 2549 1171 2628 aerei

803 2678 831 2739 in
856 2678 951 2742 locum
977 2680 1028 2742 ubi
1052 2681 1137 2743 initio

801 2812 898 2875 altere
920 2816 1032 2877 fecerat
1056 2824 1086 2876 et

753 3014 756 3021 ,
801 2947 996 3011 inuocauerat
1019 2950 1060 3011 ibi

801 3086 904 3145 abram
929 3104 1035 3147 nornen
1061 3070 1099 3148 di.

802 3230 832 3280 et
856 3219 919 3280 ioth
942 3221 992 3299 qui
1014 3222 1155 3283 ambula·

762 3368 763 3375 ’
800 3354 844 3415 uit
867 3373 932 3417 aum
957 3356 1060 3416 abram
1084 3354 1142 3415 ha-

801 3488 866 3550 buit
888 3507 959 3551 oues
982 3499 1013 3549 et
1036 3489 1128 3552 beree

799 3634 831 3684 et
853 3624 1048 3686 tabernacula

800 3769 829 3820 et
853 3780 909 3822 non
933 3758 1073 3838 capiebat

761 3978 762 3985 ἵ
798 3895 866 3955 illae
889 3906 967 3955 terra
990 3913 1056 3955 eum

798 4029 987 4091 habitabant
1008 4025 1108 4091 timul
1127 4028 1206 4109 qaia

799 4161 903 4238 malta
914 4163 1071 4225 habebant
1082 4171 1111 4226 et
1121 4184 1236 4246 aerae-

1114 4320 1128 4367 1
