3325 4959
431 792 470 849 ιο,
487 789 563 835 2-7.

223 955 275 1018 die
296 956 469 1017 damaeeeee
490 951 609 1018 eliezer.

224 1075 265 1136 Et
286 1072 363 1135 dixit
384 1073 487 1135 abram

224 1191 362 1273 quoniam
386 1190 457 1252 mihi
479 1208 537 1253 non

225 1310 335 1374 dedisti
354 1328 455 1371 semen
479 1328 548 1371 uer-

225 1429 347 1491 nteulus
369 1438 468 1489 eutem
492 1446 557 1488 me-

224 1567 258 1608 ue
279 1547 366 1608 heres
389 1544 461 1607 mihi
484 1545 542 1606 erit

224 1673 255 1725 et
277 1663 415 1725 continue
439 1681 497 1723 uox

223 1785 305 1844 ieeta
329 1791 376 1844 est
397 1782 435 1842 ad
459 1799 526 1841 eum

225 1899 327 1962 dicens
347 1918 405 1962 non
429 1898 487 1960 erit

225 2018 274 2080 hit
296 2017 383 2079 heres
404 2029 473 2079 tuus
496 2019 547 2077 sed

225 2135 275 2217 qui
295 2122 376 2196 exiet
399 2135 435 2196 de
458 2146 488 2196 te
512 2135 562 2196 hie

226 2254 281 2314 erit
306 2253 391 2315 heres
414 2240 482 2315 tuus

225 2372 329 2434 eduxit
350 2382 450 2433 eutem
474 2389 540 2432 eum

224 2493 303 2553 tores
326 2501 357 2550 et
379 2488 457 2550 dixit
480 2491 518 2550 ed
541 2508 607 2551 eum
630 2508 665 2549 a·

225 2609 307 2691 spice
330 2610 359 2670 in
383 2609 496 2669 coetum
521 2617 551 2666 et

228 2746 348 2788 numere
369 2725 473 2787 stelles
495 2725 520 2785 si

228 2844 338 2922 poteris
360 2862 533 2906 enumerare

229 2979 280 3021 ees
304 2972 334 3021 et
354 2961 431 3021 dixit
453 2961 481 3022 ei
503 2963 547 3022 eie

229 3079 285 3140 erit
306 3098 405 3139 semen
422 3090 504 3141 tuum
527 3090 558 3139 et

228 3194 355 3257 eredidit
377 3196 480 3257 abram
503 3178 551 3256 do-

228 3326 258 3375 et
281 3323 451 3394 reputatum
474 3326 520 3376 est
601 3385 603 3391 y
651 3362 656 3371 .

229 3432 255 3493 ei
278 3436 316 3494 ed
340 3430 487 3493 iustitiam

228 3549 305 3611 dixit
328 3560 428 3611 autem
448 3531 490 3610 ¹ed
515 3566 580 3610 eum

187 3754 189 3759 Ι
229 3686 281 3745 ege
303 3650 347 3728 d?
359 3687 423 3728 sum
447 3667 496 3749 qui
518 3667 593 3729 edu-

228 3785 259 3847 xi
281 3796 311 3847 te
334 3792 370 3846 de
393 3787 510 3864 regione

230 3903 438 3966 chaldaeorum
462 3914 495 3964 ut

230 4022 296 4083 dem
320 4022 373 4083 tibi
396 4004 506 4084 terrem

673 447 739 509 Fel.
764 445 844 510 lde.

697 631 823 698 Genesis

984 784 1025 844 ιι,
1046 786 1137 831 π-ιε.

808 956 893 1019 dane
913 959 951 1018 eet
972 952 1061 1015 tom
1081 950 1143 1013 du-

805 1074 859 1137 im
877 1073 952 1137 orie.

805 1192 849 1253 Ee
870 1192 947 1253 dixe
967 1188 1134 1251 dominator
1155 1169 1222 1251 <1130
1244 1209 1293 1250 se-

806 1310 933 1385 eundum
955 1308 1023 1389 quid
1046 1308 1138 1370 eeiem

806 1427 877 1508 quie
898 1426 1048 1487 hereditas
1069 1425 1122 1487 itte

807 1547 885 1609 dixit
907 1527 947 1607 d}
965 1545 1004 1607 ed
1026 1546 1130 1605 abram

806 1664 910 1743 eeeipe
932 1662 1006 1723 mihi
1028 1680 1152 1724 uaeeem

808 1782 927 1842 trimam
950 1792 980 1841 et
1002 1799 1122 1861 ceprem

807 1898 929 1960 trimam
951 1910 982 1959 et
1003 1897 1126 1960 arietem

807 2018 926 2079 trimum
951 2029 983 2077 et
1004 2026 1105 2079 turtu-

808 2156 869 2197 rem
892 2145 923 2198 et
944 2136 1112 2196 columbam

807 2256 883 2317 haee
904 2256 1020 2333 aceepit
1042 2262 1073 2315 et
1093 2251 1196 2313 diuisit

806 2373 844 2435 in
864 2372 966 2435 medie
987 2380 1017 2434 et
1033 2370 1145 2454 poenit

806 2498 920 2554 eontra
934 2491 1059 2570 faeiem
1081 2488 1219 2552 adtemm

805 2606 911 2670 alteed.
958 2610 1045 2671 Auee
1066 2615 1173 2670 autem
1193 2627 1259 2668 nen

806 2725 932 2788 diuieit.

808 2844 855 2906 Et
876 2845 1104 2907 descenderunt
1126 2866 1164 2907 a·

744 2967 747 2973 '
808 2983 861 3025 des
882 2981 974 3043 supra
995 2981 1120 3043 eorpora

807 3099 885 3161 quae
908 3079 1006 3144 diuise
1028 3093 1113 3143 erent

707 3186 710 3195 ’
808 3211 839 3260 et
862 3200 997 3260 coneedit
1018 3199 1078 3260 iliis
1097 3201 1201 3261 ebrem

810 3319 899 3404 eirea
917 3314 995 3378 eolis
1017 3336 1163 3379 oeeaeum

803 3454 912 3515 pauor
932 3434 1038 3496 inruit
1058 3435 1094 3496 e‘n
1116 3437 1230 3498 adram
1331 3472 1333 3477 ·

809 3558 840 3614 et
860 3571 926 3614 eeee
946 3553 1041 3614 timor
1061 3553 1239 3616 tenebram

808 3689 947 3751 mammo
966 3669 1082 3733 incidit
1104 3673 1133 3734 οἱ
