3325 4959
664 431 729 496 Foi.
753 430 794 495 39
805 451 834 493 a.

635 616 908 699 amoma

423 779 445 836 1,
466 776 575 822 21-24.

435 875 481 883 -ι

232 940 355 1003 helcana
378 948 407 1000 st
429 948 494 1001 tota
516 940 621 1001 domus

231 1074 294 1137 aius
316 1073 485 1137 sacrificare
508 1074 538 1136 in

230 1210 322 1273 salom
344 1210 521 1273 sacrificium

230 1344 342 1408 dierum
365 1354 396 1406 at
418 1355 490 1406 uota
506 1364 561 1407 sua

231 1489 261 1542 at
283 1499 383 1543 omnes
405 1479 536 1542 decimas
558 1486 622 1540 ter·

229 1634 279 1677 rae
301 1634 373 1677 suae
396 1624 427 1675 et
448 1632 528 1676 anna
550 1632 608 1674 non

229 1750 412 1811 ascendebat
433 1766 499 1809 aum
523 1766 558 1809 eo
580 1747 628 1808 di-

229 1885 275 1947 xit
297 1882 374 1945 anim
398 1884 462 1945 uiro
485 1902 539 1944 suo

228 2023 322 2082 donea
343 2018 517 2082 adaaaadat
529 2038 595 2099 pa-

230 2153 439 2232 assumpserit
460 2153 566 2213 lactem
590 2152 636 2213 fa-

229 2306 262 2349 ra
284 2306 350 2348 eum
374 2298 444 2359 anta
466 2288 572 2348 taciem

229 2406 289 2485 dffii
312 2432 345 2485 ut
369 2434 470 2484 manet
492 2422 533 2484 ibi
556 2420 668 2502 sempi-

228 2570 353 2620 ternum.
398 2559 438 2619 Et
461 2557 537 2619 dixit
559 2558 598 2618 ad
619 2574 685 2617 aa·

230 2692 355 2755 helcana
379 2693 425 2755 uir
447 2693 509 2755 eius
531 2694 579 2753 faa

230 2828 306 2904 quod
329 2819 437 2890 binum
461 2838 506 2889 ast
529 2828 558 2887 in

230 2970 418 3040 conspectam
440 2972 521 3025 tuum
546 2980 652 3024 cansa·

228 3097 265 3155 da
287 3096 381 3157 donee
402 3098 551 3175 parlantes
572 3116 631 3177 pu·

227 3249 309 3292 aram
333 3239 365 3291 at
386 3249 487 3312 preaor
509 3244 542 3293 ut
566 3214 630 3293 dia
652 3235 704 3295 det

228 3365 307 3445 quod
330 3364 424 3426 axiuit
445 3366 481 3425 de
504 3385 554 3427 ora

227 3498 301 3562 aias.
338 3500 378 3563 Et
401 3500 511 3561 mansit
534 3500 638 3563 mulier
653 3512 683 3563 at
698 3502 762 3566 laa-

227 3634 304 3695 tauit
323 3632 414 3697 filium
436 3652 521 3697 saum
546 3635 601 3695 do-

227 3786 280 3829 nea
300 3769 424 3831 soluitur
446 3790 512 3833 aum
535 3790 553 3832 a

226 3901 302 3964 lacte
326 3911 356 3965 et
377 3905 538 3985 assumpsit
558 3924 608 3965 se-

226 4056 292 4101 cum
315 4039 343 4100 in
368 4040 458 4101 selom
484 4058 549 4102 eum

985 772 1008 834 ι,
1026 774 1058 819 aa
1093 774 1133 819 as.

811 938 906 1001 uitulo
928 938 1017 999 trimo
1039 949 1070 999 at
1091 940 1180 1017 pani-

811 1078 869 1140 bus
889 1086 921 1137 at
941 1076 1038 1137 iarina
1059 1072 1193 1147 similag-

811 1212 876 1275 onis
898 1222 929 1273 at
949 1212 1063 1272 amiota
1086 1207 1145 1270 uini

811 1356 843 1407 et
863 1345 990 1408 intrauit
1011 1344 1040 1406 in
1063 1344 1182 1405 domum

811 1464 870 1544 diii
893 1482 923 1543 in
945 1480 1047 1541 salom.
1090 1479 1130 1541 Et
1153 1498 1226 1559 puer

812 1636 879 1678 cum
901 1615 955 1677 ais
999 1616 1040 1677 Et
1062 1615 1180 1675 addux-

811 1758 900 1812 erant
922 1768 988 1812 eum
1011 1748 1041 1811 in
1064 1767 1136 1810 can-

809 1891 913 1965 apaatu
937 1866 996 1945 dffii
1019 1892 1051 1943 et
1071 1883 1236 1945 immolauit

810 2026 897 2099 pater
918 2019 981 2081 aias
1001 2018 1130 2080 hostiam

808 2154 921 2215 dierum
944 2172 1033 2234 quam
1055 2153 1147 2215 iacie-

810 2290 864 2350 bat
886 2305 925 2349 ax
945 2287 1051 2349 diebus
1074 2288 1104 2348 in
1127 2288 1193 2348 die-

810 2403 1191 2484 mffiamma

810 2575 932 2638 puerum
956 2568 986 2619 at
1008 2558 1118 2619 aaaidit
1139 2562 1187 2619 ui-

736 2722 744 2738 ·
810 2692 917 2754 tulum.
960 2694 1001 2755 Et
1023 2694 1150 2755 adduxit

809 2846 889 2889 anna
910 2836 1004 2889 mater
1026 2846 1148 2908 puerum

809 2968 848 3028 ad
871 2966 910 3027 aii
931 2975 963 3027 at
981 2966 1058 3028 dixit
1081 2964 1175 3043 respi-

809 3120 844 3164 ca
866 3120 913 3163 ms
935 3102 1052 3163 domine
1074 3099 1156 3163 uiuat

809 3238 910 3298 anima
932 3248 985 3298 tua
1007 3254 1060 3312 ago
1079 3255 1145 3296 aum

809 3369 915 3433 mulier
937 3390 1013 3451 quaa
1036 3370 1180 3430 adstabat

809 3524 909 3567 coram
932 3504 990 3566 tibi
1012 3523 1097 3565 orare

809 3621 868 3703 dffi.
911 3639 971 3700 Pro
993 3656 1085 3717 puero
1105 3638 1163 3698 hoa

746 3768 749 3773 ’
808 3773 892 3835 oraui
913 3783 944 3834 at
966 3771 1141 3853 petitionem

807 3927 903 3970 meam
927 3927 1014 3989 quam
1037 3908 1121 3969 oraui

807 4024 1071 4105 mmffiffl
