3325 4959
427 768 465 825 14,
484 765 562 812 n-ti

239 933 317 995 dixit
341 931 428 994 achia
449 950 540 1010 puero
564 949 617 992 sno

239 1068 288 1130 exi
310 1066 395 1130 nunti
417 1067 535 1127 obuiam

234 1221 295 1265 ann
318 1202 402 1264 uxori
425 1201 576 1262 hierobam

234 1349 269 1399 et
291 1337 371 1399 dines
393 1337 419 1398 ei
440 1338 518 1396 intra
540 1348 570 1395 et

235 1469 300 1535 noli
322 1482 402 1534 stare
425 1471 495 1551 qnia
517 1470 591 1531 hnen
657 1549 660 1557 Ι

238 1610 311 1671 dicit
332 1590 400 1671 dnn-s
418 1609 508 1668 durus
524 1625 577 1686 ego

238 1744 357 1807 inmitto
379 1762 468 1822 snper
490 1762 596 1821 regem.

238 1880 367 1943 intrauit
390 1898 447 1940 ano
470 1881 507 1940 nd
530 1878 585 1941 hn-

237 2016 346 2076 minem
370 2016 417 2077 dei
440 2026 470 2076 et
493 2016 570 2077 dixit

236 2150 342 2213 athias
364 2160 396 2212 ut
418 2152 486 2231 qnid
510 2114 593 2213 attu-

240 2286 316 2348 listis
338 2306 384 2347 me
408 2286 503 2348 hirtas
526 2298 557 2348 et
580 2308 616 2348 n-

237 2422 618 2502 mammam

236 2557 335 2619 mellis
358 2557 432 2618 haee
455 2558 532 2617 dixit
554 2538 619 2617 dine

240 2712 307 2754 ecee
329 2693 441 2754 tn‘ibis
463 2712 482 2753 a
504 2711 549 2752 me

238 2840 271 2889 et
293 2795 326 2890 ut
347 2848 412 2891 num
434 2829 593 2890 intraueris

242 2973 357 3042 portam
378 2964 456 3025 nnita
474 2976 505 3023 et
527 2983 585 3041 pn-

240 3098 316 3159 ellne
341 3108 410 3159 tuae
435 3109 545 3159 exeant

237 3233 360 3295 obuiam
383 3243 413 3292 et
435 3234 533 3294 dicent
556 3233 609 3294 tibi

206 3352 208 3359 Α
239 3342 314 3445 pner
333 3379 467 3431 mortuus
489 3381 534 3430 est

239 3506 349 3563 heenee
371 3503 447 3563 dicit
463 3485 528 3564 dffi’s

238 3656 308 3699 eene
330 3656 383 3715 ego
406 3638 575 3718 disperdam
597 3638 644 3699 hi·

239 3774 361 3834 ernbntn
385 3772 461 3849 regis
485 3772 638 3853 meten-(1)

240 3916 302 3970 tem
324 3910 362 3969 ad
386 3894 527 3988 parietem

241 4053 327 4103 erunt
350 4043 456 4105 mortni
480 4044 542 4105 eius

693 422 756 485 not
781 423 819 484 14
841 441 867 484 n

677 607 724 671 III
746 605 791 687 (1)
814 609 890 686 Reg.

817 929 847 989 in
870 929 1023 994 ciuitatem
1046 944 1076 995 et
1097 954 1199 996 eome-

817 1066 889 1126 dent
911 1084 1071 1130 nonnanes
1093 1081 1124 1131 et
1146 1074 1195 1153 qui

818 1202 925 1264 mortni
948 1216 1035 1265 erunt
1055 1206 1084 1265 in
1107 1225 1177 1283 egro

815 1308 970 1399 comedent
993 1358 1044 1401 eos
1066 1341 1201 1404 uolucres

815 1473 897 1535 coeii.
940 1475 981 1536 Et
1003 1475 1086 1555 pueri
1108 1477 1196 1555 plan-

814 1618 884 1684 gent
905 1609 1037 1671 dieentes
1059 1629 1114 1671 nae
1137 1594 1204 1672 d'rn'e

817 1742 970 1805 inuentum
994 1756 1039 1806 est
1063 1746 1139 1807 enim
1162 1748 1191 1808 in

817 1896 852 1938 eo
875 1878 999 1941 uerbum
1022 1882 1130 1942 bonnm
1154 1881 1190 1942 de

710 2088 716 2095 Ι
818 1995 887 2073 effi>
910 2024 940 2073 et
962 2015 1028 2075 abit
1051 2018 1154 2079 mulier
1175 2027 1206 2079 et

815 2148 938 2211 audiuit.
984 2151 1023 2212 Et
1045 2152 1155 2215 iactum
1180 2163 1227 2215 est

818 2301 885 2344 cnm
907 2284 1048 2348 intrasset
1069 2308 1125 2349 eno
1148 2290 1177 2350 in

783 2392 786 2489 i
819 2420 915 2481 sanari
938 2440 1011 2500 pner
1034 2425 1174 2485 morietur

819 2563 849 2613 et
871 2555 965 2617 exiuit
988 2558 1093 2620 mulier
1114 2560 1171 2619 ob-

822 2689 901 2751 ninm
924 2692 987 2753 eius
1009 2702 1043 2753 et
1064 2693 1245 2756 arithieeebn

820 2824 849 2885 in
873 2825 977 2887 sicima
998 2847 1073 2908 qnae
1096 2828 1191 2890 estin

823 2976 922 3021 monte
947 2962 1036 3023 efrem
1059 2975 1088 3023 et
1111 2984 1183 3027 eon·
1250 3013 1253 3018 .

818 3096 939 3201 notauit
962 3097 1002 3157 ibi
1024 3100 1150 3177 popnins
1173 3100 1250 3161 isra-

821 3231 848 3291 el
872 3243 902 3291 et
923 3235 1060 3294 escendit
1081 3234 1185 3295 sicima

820 3368 941 3428 roboam
965 3387 1018 3429 rex
1038 3368 1115 3430 fiiins
1136 3370 1217 3429 selo-

801 3502 922 3577 !mnnie.
967 3504 1006 3565 Et
1029 3506 1150 3565 nerbnm
1174 3485 1240 3564 dffi

820 3637 933 3699 factum
956 3649 1002 3698 est
1024 3639 1062 3700 ad
1085 3657 1234 3700 snamenm

819 3771 943 3850 ganditn
964 3773 1065 3835 dicens
1087 3775 1207 3852 accipe-

820 3916 869 3968 rat
890 3907 980 3970 alliud
1004 3910 1032 3969 in
1055 3908 1163 3988 populo
1186 3918 1216 3969 et

726 4025 728 4029 ’
820 4044 899 4125 qnod
923 4063 977 4103 non
1001 4044 1123 4105 intrauit.
1149 4044 1177 4105 in
1201 4025 1292 4134 nqu'a'
1337 4095 1340 4106 .
