3325 4959
826 438 889 501 Fol.
912 439 992 502 3411.

758 626 772 685 1
794 625 870 706 leeg.
893 624 924 699 (Ι
946 622 1040 701 Sum.)
1114 644 1118 656 ·

564 784 589 839 4,
608 782 683 827 e-u.

354 882 630 889 -..-‚.—-———.--—

355 956 386 1008 et
407 954 497 1009 exeat
519 946 548 1007 iu
572 946 668 1007 medio
691 964 762 1005 uos·
828 966 830 970 ·

355 1090 432 1144 trum
455 1089 486 1141 et
508 1080 647 1141 liberabit
669 1100 722 1141 uos

355 1215 391 1277 de
414 1235 503 1277 manu
526 1216 707 1277 inimieorum

355 1361 531 1413 nostrorum.
578 1351 617 1411 Et
640 1351 721 1410 misit

355 1486 481 1565 populus
503 1486 540 1545 ud
563 1485 644 1545 oeiou
665 1495 693 1543 et
716 1503 785 1545 sus-

355 1620 487 1683 tulerunt
510 1621 584 1681 inde·
601 1638 699 1680 eroum

355 1738 415 1816 dr'ni
437 1756 487 1816 ubi
509 1757 633 1816 sedebat
655 1755 684 1815 iu
708 1754 816 1815 cheru-

355 1889 416 1954 bin.
461 1891 501 1951 Et
523 1890 611 1950 umbo
631 1889 674 1950 fiii
696 1888 772 1949 helie
795 1908 860 1949 oum

354 2044 424 2087 urou
445 2025 492 2084 dei
515 2025 599 2084 ibant
621 2022 718 2101 opbne
741 2035 771 2085 et

355 2157 484 2238 phinees,
528 2160 568 2221 Et
591 2161 701 2221 foetum
725 2167 771 2219 est

356 2304 389 2355 ut
412 2294 526 2355 ueniret
548 2312 619 2354 arou
641 2276 703 2354 dffii
724 2295 752 2353 in

328 2408 330 2413 Ι
354 2430 460 2491 cestris
483 2430 660 2491 exclamauit

353 2565 447 2625 omnis
470 2565 556 2625 israel
580 2563 692 2626 oiumo·
794 2646 798 2653 ι

353 2718 385 2760 re
408 2718 522 2778 magno.
570 2701 607 2761 Et
632 2692 714 2760 reeo-

353 2836 437 2896 uouit
460 2845 549 2897 tortu.
593 2838 633 2897 Et
655 2856 711 2896 eu-

355 2971 476 3032 dieruut
498 2970 641 3045 alienige·

354 3124 409 3165 uae
433 3123 534 3166 uooem
558 3104 694 3165 oiumorie

354 3249 384 3299 et
407 3239 545 3300 dixerunt
567 3239 636 3319 quid
660 3240 707 3302 hio
729 3242 792 3301 oio-

356 3392 418 3434 mor
440 3390 615 3452 permagnus

354 3511 384 3570 iu
403 3509 506 3571 caetris
529 3510 704 3571 hebreorum

354 3653 385 3706 et
407 3653 606 3722 cognoberunt
627 3663 698 3705 ereo

354 3761 415 3841 diui
439 3778 567 3840 uenisset
590 3779 618 3839 in
643 3798 711 3839 oos-

355 3914 417 3977 tris.
462 3916 500 3977 Et
523 3915 685 3976 timuerunt
705 3914 763 4008 uii-

355 4050 497 4129 euigeuue
519 4062 549 4109 et
572 4050 709 4111 dixerunt

1114 778 1248 838 4‚u-1o.
1293 768 1296 773 ’

935 945 975 1007 dii
997 945 1189 1007 hebraeorum
1213 965 1305 1007 uoue-

936 1091 1004 1143 ruut
1026 1082 1063 1143 ad
1087 1098 1137 1141 ooo
1158 1081 1187 1141 iu
1211 1089 1309 1142 eastre

933 1234 989 1275 uae
1012 1214 1107 1278 nobie.
1153 1215 1294 1277 Liberure
1314 1194 1391 1275 nos*

934 1332 1001 1411 dffie
1023 1351 1060 1410 de
1082 1350 1169 1412 hodie
1191 1351 1261 1431 quio
1283 1369 1339 1411 uon

935 1496 978 1545 est
1002 1485 1044 1547 sio
1065 1486 1176 1546 suetum
1200 1484 1262 1545 heri

899 1609 901 1720 ξ
934 1630 965 1680 et
986 1620 1200 1681 nudiustertius
1222 1639 1278 1681 uae

898 1758 901 1820 ἴ
935 1754 1030 1816 nobis.
1073 1752 1149 1824 Quis
1171 1772 1225 1813 noo
1244 1753 1319 1814 iibe-

933 1898 1014 1950 reret
1032 1890 1069 1949 de
1084 1908 1172 1949 mauu
1191 1888 1305 1949 iliorum
1325 1890 1445 1949 deorum

932 2023 1098 2119 fortiorum.
1143 2023 1181 2084 Hi
1205 2023 1254 2103 qui
1276 2041 1344 2101 per-

898 2121 901 2160 *
934 2166 1089 2219 euenerunt
1110 2167 1268 2239 aegyptum

899 2277 901 2402 ζ
933 2292 962 2353 iu
985 2291 1063 2353 omui
1086 2294 1176 2372 plaga
1196 2293 1225 2353 iu
1248 2294 1352 2352 deser·

935 2438 976 2491 to.
1020 2426 1079 2491 Sed
1103 2427 1309 2489 confortamini

934 2572 965 2625 et
986 2564 1050 2625 sitis
1073 2562 1127 2625 uiri
1151 2563 1295 2642 alienige-

935 2720 991 2761 nae
1014 2720 1049 2760 ue
1072 2698 1199 2760 seruiete
1222 2700 1328 2759 ebroe-

899 2785 901 2930 :
934 2835 959 2895 is
981 2834 1061 2895 siout
1083 2834 1113 2894 bi
1135 2834 1301 2894 seruierunt

935 2969 1028 3031 nobie.
1071 2969 1113 3030 Et
1135 2977 1231 3029 estote
1254 2968 1308 3029 uiri

899 3131 901 3158 ι
935 3114 965 3165 et
987 3114 1156 3183 expugnate
1178 3122 1236 3166 eos.
1280 3105 1323 3166 Et
1345 3119 1418 3163 ex-·

899 3195 901 3215 ¹
932 3249 1146 3320 pugnauerunt
1192 3240 1232 3301 Et
1254 3216 1384 3300 defeoeft
1463 3315 1471 3332 ι

935 3375 990 3436 uiri
1013 3376 1103 3438 isreel
1125 3394 1143 3436 e
1165 3383 1324 3453 conspectu
1343 3372 1402 3433 uli-

937 3511 1136 3589 enigenorum.
1183 3511 1222 3571 Et
1245 3510 1319 3586 fugit
1341 3508 1446 3569 uuius-

937 3646 1062 3726 quisque
1084 3646 1113 3705 in
1137 3648 1316 3706 tabernucu-

937 3782 995 3842 Ium
1018 3801 1114 3847 suum.
1160 3781 1199 3841 Et
1220 3780 1300 3840 foetu
1322 3788 1368 3839 eet

935 3916 1022 3995 plage
1043 3935 1150 3995 magua
1172 3916 1259 3975 uelde

936 4060 967 4111 ot
988 4050 1156 4112 oeciderunt
1179 4069 1215 4111 ex
1238 4050 1323 4111 isreel

935 4185 1034 4249 XXX
1058 4185 1139 4245 mitio
1158 4184 1285 4247 uirorum
