3325 4959
825 397 890 459 Fol.
913 398 954 457 32
976 414 1004 457 a.

800 582 846 645 lv
870 581 931 662 (ll)
948 581 1023 661 Reg.

550 741 588 799 ιι,
606 739 714 786 aa-ea
913 793 915 838 Ι
1058 739 1097 796 15,
1116 738 1161 789 os;
1183 737 1222 789 ιτ.
1244 736 1314 782 1-o.

373 842 469 847 .-..-
497 836 901 845 -.-...—--.—...---———-
1212 836 1354 842 --———-
1410 834 1458 839 —·

367 906 409 968 fili
432 904 535 968 romeli
557 902 634 977 renis
655 902 742 965 israel
913 879 916 998 ἱ
940 904 1011 965 chan
1035 913 1066 964 et
1086 902 1221 981 sepudtus
1245 900 1340 962 estin
1363 898 1407 961 ci-

914 1007 916 1016 v

914 1035 916 1045 c

914 1048 917 1060 Ι

370 1091 505 1170 regnauit
522 1050 700 1169 ionathffnd)
723 1088 803 1151 filins
941 1092 1066 1155 uitatem
1089 1091 1178 1154 dauid
1203 1106 1268 1148 cam
1293 1087 1388 1166 patri·

369 1227 451 1290 ozias
473 1228 549 1305 regis
571 1227 649 1288 inda.
692 1225 733 1287 dt
755 1230 821 1285 erat
943 1227 999 1289 bas
1020 1227 1083 1289 suis
1106 1236 1136 1287 et
1158 1222 1293 1303 regnauit
1314 1219 1406 1283 achas

369 1361 466 1424 XXV
489 1380 630 1423 annorum
653 1356 776 1421 ionatha
941 1362 1019 1425 filius
1041 1361 1105 1424 eins
1124 1380 1178 1440 pro
1200 1377 1243 1421 eo.
1273 1392 1303 1401 -
1330 1356 1370 1416 Et
1396 1370 1466 1415 osee

330 1504 336 1511 '
371 1514 439 1559 cnm
461 1512 584 1577 regnare
607 1493 714 1573 coepit,
758 1493 798 1555 Et
942 1497 1020 1560 filins
1042 1497 1112 1558 dala
1134 1495 1267 1574 regnauit
1291 1491 1377 1553 annis

371 1630 453 1693 XVI
476 1630 561 1691 annis
584 1629 720 1708 regnauit
740 1626 771 1689 in
947 1631 1039 1694 vlnl
1062 1633 1091 1692 in
1114 1629 1253 1692 samaria.
1298 1628 1335 1689 Et
1357 1626 1427 1687 fecit

374 1763 564 1829 hierusalem.
609 1764 649 1827 ln
671 1782 778 1825 nomen
946 1766 1022 1827 male
1044 1766 1073 1828 in
1098 1773 1259 1844 conspectu
1282 1740 1350 1824 dnn-i
1367 1781 1420 1822 su-

370 1910 436 1960 croc
458 1912 553 1961 mater
576 1900 639 1961 eius
661 1898 766 1961 denaia
946 1919 999 1980 per
1021 1918 1123 1962 omncs
1145 1898 1197 1980 qui
1219 1899 1338 1960 fuerunt

371 2035 434 2096 dlia
456 2036 578 2097 saddoc.
622 2034 663 2095 Et
685 2034 755 2094 decit
778 2034 857 2114 quod
947 2047 1017 2097 ante
1040 2053 1107 2096 eum
1129 2031 1223 2097 athuc
1243 2030 1379 2094 ascendit

373 2178 487 2232 centnm
512 2168 609 2231 estin
634 2177 796 2248 conspectu
948 2171 1150 2233 salmanassar
1170 2187 1223 2230 rex
1244 2167 1342 2249 osyri-

372 2286 442 2365 aa]
458 2304 618 2367 secundom
642 2303 741 2365 omnia
949 2326 1042 2370 orum.
1088 2306 1128 2367 Et
1150 2305 1247 2366 factus
1267 2312 1314 2363 est
1334 2301 1362 2361 ei
1383 2319 1451 2361 osce

373 2574 419 2636 ius
443 2584 488 2633 set
511 2573 629 2635 excelsa
651 2592 707 2635 non
730 2573 788 2635 ab·
949 2587 1075 2640 moneta.
1121 2577 1161 2639 Et
1182 2572 1297 2636 inuenit
1320 2590 1372 2633 rex

373 2457 449 2519 quae
472 2438 543 2499 decit
565 2438 644 2499 ozias
667 2448 754 2517 peter
776 2456 810 2499 e·
946 2462 1050 2505 sarnus
1072 2452 1103 2503 et
1125 2439 1284 2502 adferebat
1303 2436 1331 2499 ei

922 2679 925 2753 Ι

373 2708 460 2771 stalis
482 2707 573 2770 athon
591 2709 719 2789 populns
741 2726 794 2770 sa·
950 2712 1131 2797 assyrioram
1155 2711 1184 2771 in
1205 2728 1274 2771 osee
1296 2706 1378 2768 insi-

372 2841 529 2905 crificabst
550 2858 581 2905 oc
603 2844 743 2906 incende·
946 2847 1005 2910 dia
1051 2848 1092 2909 Et
1114 2845 1196 2907 misit
1219 2844 1338 2906 nuncios
1361 2852 1394 2904 at
1415 2842 1474 2901 ad-

375 2979 429 3039 bat
450 2977 479 3039 io
502 2976 626 3041 excelsis
647 2980 711 3059 ipse
734 2997 788 3040 ae·
821 3014 823 3019 ·
946 2982 1075 3043 ramalec
1098 2980 1248 3061 ethiopem
1272 2956 1396 3040 habita·

373 3090 509 3174 dificauit
531 3122 647 3193 portam
670 3112 775 3175 domas
944 3125 1004 3176 tem
1027 3115 1057 3175 in
1083 3124 1224 3195 aegypto.
1269 3114 1311 3177 Et
1332 3112 1439 3174 offere-

373 3229 435 3310 ἀιῖἰ
458 3247 612 3311 excelsam.
658 3249 700 3309 Ec
720 3257 823 3311 caeta-
943 3252 998 3314 bat
1018 3270 1085 3312 osee
1110 3267 1233 3311 cannara
1255 3247 1385 3328 faginod)

374 3401 409 3445 ra
430 3383 587 3443 uerborum
610 3381 753 3445 ionathan
946 3387 1094 3468 syriorum
1117 3387 1156 3447 ab
1179 3404 1256 3446 anno
1279 3385 1308 3445 in
1331 3402 1388 3445 an·

373 3528 406 3578 et
427 3517 526 3580 omnia
548 3537 624 3599 qaae
646 3518 714 3581 decit
736 3538 793 3581 non
942 3539 1023 3582 nom.
1067 3521 1107 3582 Ec
1130 3520 1273 3583 iniuriam
1297 3520 1368 3582 decia

371 3663 442 3715 sunt
467 3652 540 3715 haec
562 3652 675 3733 scripta
698 3654 727 3715 in
752 3654 827 3716 libro
944 3655 972 3717 ei
992 3674 1044 3717 rex
1066 3656 1251 3737 assyriorum
1273 3656 1303 3718 in
1328 3654 1402 3717 cha-

375 3789 531 3849 uecborum
554 3788 667 3850 dierum
692 3808 739 3849 ne·
947 3791 1039 3871 deod).
1085 3792 1126 3852 Ec
1142 3790 1474 3853 tradiditeamincar-

373 3941 442 4001 gom
466 3922 545 3985 inda
589 3924 623 3985 In
639 3924 745 3987 diebus
767 3923 908 3987 illiscoe·
943 3943 1051 3989 cerem.
1095 3927 1136 3988 Et
1160 3947 1212 3989 rex
1234 3904 1386 4010 assyrior'a

375 4057 421 4138 pit
443 4040 508 4120 dffis
529 4057 690 4121 immittere
712 4059 741 4120 in
765 4060 813 4123 ia·
947 4062 1083 4124 ascendit
1106 4063 1135 4122 in
1158 4063 1329 4124 samariam.
1373 4062 1414 4124 Et
1447 4145 1452 4159 ‚

375 4194 416 4254 da
437 4189 562 4256 chasson
586 4212 683 4272 regem
706 4196 786 4276 syri·
947 4196 1066 4258 obsedit
1086 4215 1151 4257 eam
1174 4195 1299 4257 triennio

375 4344 412 4387 ae
434 4344 465 4389 eo
486 4325 619 4405 phaceae
642 4328 732 4391 filium
760 4347 811 4391 ro·
948 4333 976 4393 in
1001 4351 1077 4393 nono
1100 4342 1199 4393 autem
1217 4350 1294 4394 anno
1316 4352 1385 4395 osee

377 4460 473 4522 molis.
517 4462 556 4523 Et
580 4462 721 4525 dormiuit
737 4466 823 4527 iona·
924 4469 1024 4547 {regis
1046 4468 1256 4549 conprehendit
1280 4488 1331 4530 rex
