3325 4959
802 416 867 479 Fol.
891 416 929 481 17
950 439 977 483 a.

760 602 808 665 111
830 601 874 683 (1)
897 603 972 683 Reg.

417 759 458 819 11,
476 762 590 817 41-433
610 760 650 817 12,
670 760 744 806 1-3.

580 856 854 866 ---.-.———-

319 937 353 989 et
370 926 468 989 omnia
491 926 649 987 uerborum

319 1061 485 1126 solomonis.
529 1060 569 1122 Et
589 1059 690 1121 omnia

319 1215 398 1279 quae
419 1195 491 1257 iecit
513 1206 543 1256 et
564 1194 664 1256 omnia

316 1330 466 1411 sapientie
488 1320 551 1390 eius
572 1348 631 1391 non

319 1476 390 1530 sunt
412 1466 461 1528 hie
482 1463 624 1545 seriptum
646 1462 676 1523 in
700 1460 738 1523 li-

317 1604 370 1664 bro
392 1619 558 1662 sermonum
580 1598 661 1661 solo-

316 1737 421 1798 monis.

316 1873 359 1934 Et
381 1871 458 1932 dieb'
478 1868 585 1950 quibus
608 1885 714 1946 regna-

315 2007 360 2069 uit
380 2006 511 2067 solomon
534 2003 563 2064 in
587 2003 653 2063 hie-

315 2140 445 2203 rusalem
468 2157 555 2219 super
577 2155 693 2199 omnem

315 2274 403 2336 israel
426 2272 495 2335 anni
517 2273 588 2335 XL.
632 2271 672 2333 Et
694 2272 765 2332 dor-

313 2408 399 2471 miuit
421 2409 551 2470 solomon
576 2426 642 2469 eum

314 2544 452 2625 patribus
474 2541 534 2605 suis
556 2553 585 2601 et
608 2562 659 2601 se·

314 2680 461 2759 petierunt
484 2698 551 2741 eum
575 2678 604 2737 in
628 2675 672 2737 ci·
751 2768 752 2771 Ἴ

314 2813 441 2875 uitatem
466 2812 556 2875 dauid
579 2810 675 2891 patris

313 2948 384 3009 eius.

310 3086 353 3147 Et
375 3086 486 3145 factum
509 3092 555 3143 est
576 3094 609 3144 ut
630 3083 698 3144 abi·

312 3229 357 3280 ret
378 3219 530 3280 hierobam
552 3218 630 3281 filius

310 3356 404 3415 nabat
425 3373 490 3416 eum
514 3363 594 3415 esset
615 3364 665 3415 at-

310 3489 368 3550 huc
389 3490 418 3549 in
441 3498 570 3571 aegypto
594 3501 623 3551 et
646 3490 695 3571 qui

308 3628 427 3706 ingerat
449 3624 525 3685 enim
550 3644 567 3683 a
589 3624 665 3686 faeie

310 3759 472 3821 solomonis
495 3769 525 3819 et
548 3760 631 3822 audit
654 3760 683 3821 in

309 3906 436 3977 aegypto
459 3906 490 3957 et
512 3896 621 3957 direxit

304 4040 339 4095 et
356 4033 446 4095 uenit
467 4032 511 4095 ad
526 4027 687 4110 populum
708 4048 762 4092 ro-

1083 761 1123 819 te,
1142 762 1215 809 e-i.

902 922 989 985 boam
1012 925 1041 986 in
1065 908 1136 988 sieffi
1166 973 1233 990 ...

901 1056 1001 1119 estin
1025 1064 1172 1141 ommam)
1194 1108 1201 1124 .
1226 1110 1233 1126 .

899 1204 929 1253 et
952 1212 1005 1255 rex
1027 1196 1161 1258 solomon
1197 1243 1205 1260 .
1228 1244 1235 1259 .

898 1327 942 1389 uit
964 1347 1015 1389 eos
1037 1330 1133 1411 patri·
1159 1377 1168 1395 .
1191 1379 1200 1396 .
1223 1378 1231 1395 .

896 1472 1053 1527 mnemnt
1071 1466 1115 1527 ad
1135 1466 1261 1530 roboam

786 1638 789 1644 ·
896 1596 992 1659 tieem
1014 1617 1096 1679 quae
1115 1608 1163 1663 eet
1184 1611 1215 1663 et

899 1744 1022 1794 uenerat
1044 1735 1138 1796 omnis
1160 1738 1288 1817 populus

897 1864 984 1927 israel
1009 1878 1041 1930 ut
1062 1870 1275 1932 constituerent

898 2019 1006 2079 regem.
1050 2005 1091 2065 Et
1114 2005 1229 2067 locutus

896 2143 942 2195 est
963 2138 1091 2216 populus
1112 2141 1149 2201 ad
1174 2159 1268 2217 regem

897 2272 1016 2333 roboam
1040 2274 1142 2336 dicens
1165 2274 1277 2354 pat(er)

859 2387 862 2504 (
895 2415 964 2466 tuus
986 2408 1146 2470 obdurauit
1166 2409 1314 2489 uinputa)

896 2550 997 2602 nostra
1019 2544 1071 2604 sed
1094 2553 1166 2605 tuno
1189 2544 1264 2604 libe-

894 2693 928 2735 ra
950 2694 1004 2738 nos
1026 2697 1044 2738 a
1066 2680 1211 2740 seruitute

893 2810 988 2889 patris
1009 2812 1053 2872 tui
1075 2822 1106 2874 et
1127 2834 1146 2875 a
1168 2815 1266 2892 utin-i

892 2946 966 3008 culis
988 2948 1052 3009 eius
1073 2949 1171 3009 saeuis
1194 2948 1301 3029 qu(ae)

892 3080 976 3142 dedit
997 3101 1085 3159 super
1107 3103 1168 3145 nos.
1213 3085 1252 3145 Et
1276 3084 1372 3164 s(er-)

892 3215 1005 3278 uiemus
1030 3216 1095 3280 tibi.
1140 3220 1180 3280 Et
1201 3218 1278 3280 dixit

891 3351 1011 3412 roboam
1034 3350 1076 3414 ite
1099 3361 1219 3432 etpost
1274 3386 1280 3391 ·
1358 3358 1366 3371 ’

894 3485 1022 3548 triduum
1046 3488 1140 3549 redite
1162 3491 1200 3550 ed
1225 3509 1269 3549 me

893 3629 922 3679 et
945 3621 1083 3682 abierunt
1104 3635 1135 3682 et
1157 3642 1246 3702 prae-

893 3756 971 3833 cepit
994 3775 1046 3816 rex
1067 3767 1175 3819 uocare
1198 3777 1282 3837 pres-

893 3890 1005 3971 byteris
1027 3893 1076 3972 qui
1098 3903 1183 3954 erant
1206 3912 1257 3954 co-

892 4043 955 4085 ram
979 4028 1128 4090 solomone
1149 4041 1233 4108 patre

1170 4164 1233 4225 eius
