3325 4959
692 443 849 507 Falla

615 628 647 690 11
668 628 744 711 Reg.
767 628 814 705 (II
836 626 930 704 Sam.)

226 951 268 1013 fili
288 950 406 1012 saraiae
427 950 527 1011 fratris

228 1086 297 1147 icab
319 1094 351 1146 et
372 1085 492 1146 tertiam
515 1062 609 1164 parte¹

228 1220 313 1282 dedit
333 1222 362 1281 iu
385 1239 505 1281 manum
529 1218 607 1279 ethei

229 1357 370 1438 getthaei.
416 1356 456 1416 Et
478 1355 555 1416 dixit
576 1372 629 1414 rex

216 1492 314 1589 dauit
334 1493 371 1552 ad
394 1488 535 1569 populum
559 1507 629 1568 prc-

229 1628 313 1689 diens
337 1624 470 1706 prndium
495 1633 526 1683 et
548 1640 599 1697 ego

228 1762 392 1824 uobiscum.
435 1761 477 1820 Et
498 1758 575 1820 dixit

229 1896 357 1977 populus
379 1913 436 1956 non
456 1893 538 1953 exies

229 2032 259 2091 in
283 2047 410 2109 pugnam
434 2026 553 2107 quiesi

183 2210 185 2215 .
229 2163 375 2242 fugientes
395 2163 516 2239 ingera-

232 2317 296 2358 mus
319 2316 376 2358 non
398 2298 493 2358 stabit
515 2296 544 2355 in
568 2314 623 2356 no-

230 2433 276 2495 bis
299 2451 350 2494 cor
370 2443 504 2493 nostrum
529 2441 560 2491 et

230 2571 254 2629 si
279 2567 386 2629 mortui
408 2566 549 2627 fuerimus

233 2702 384 2764 dimidiam
408 2710 522 2780 partem
545 2717 616 2759 nos-

233 2846 307 2897 tram
330 2854 387 2896 nou
410 2837 546 2896 occident

234 2971 384 3032 nobiscum
408 2983 438 3030 et
462 2988 538 3029 nunc

231 3115 406 3184 separentur
427 3108 463 3165 de
486 3123 541 3164 nc-

232 3240 276 3301 bis
299 3240 332 3302 X
354 3239 431 3300 mille
454 3236 576 3319 expedit

231 3363 308 3435 enini
333 3384 364 3435 ut
387 3374 427 3434 sis
448 3373 533 3434 nobis
555 3372 611 3432 ad-

231 3511 309 3570 iutor
331 3509 359 3568 in
383 3508 537 3569 ciuitatem

232 3654 262 3703 et
286 3643 363 3703 dixit
385 3641 445 3704 illis
468 3661 519 3702 rex
542 3643 619 3721 qnod

232 3777 377 3857 placuerit
399 3776 483 3838 uobis
504 3756 587 3837 lania*

232 3923 262 3973 at
283 3912 368 3973 stetit
391 3930 444 3973 rex
466 3912 503 3970 ad
527 3910 615 3970 limen

159 4112 161 4115 ,
231 4058 343 4125 portae.
386 4048 427 4107 Et
448 4046 544 4106 omnis
566 4064 622 4124 pc·

233 4181 318 4261 pulus
341 4180 497 4241 reddiebut
519 4200 591 4241 cen·

986 782 1025 840 18,
1042 783 1117 829 t—a.

808 948 870 1009 teni
892 956 924 1008 et
946 946 1056 1008 milleni

810 1094 840 1142 et
862 1082 1017 1162 praecepit
1038 1101 1092 1145 rex
1111 1084 1169 1143 da-

809 1216 854 1278 uit
875 1216 945 1277 icab
967 1227 999 1277 et
1020 1215 1117 1278 abisai
1140 1227 1171 1277 et

810 1352 875 1414 erte·
895 1352 1006 1414 dicem
1023 1350 1166 1433 parcite

801 1484 876 1568 filio
895 1506 962 1549 meo
982 1484 1148 1549 aderandam

812 1632 843 1682 et
865 1621 957 1683 exiuit
980 1621 1075 1681 omnis
1097 1638 1194 1700 popu-

810 1756 855 1817 lus
876 1756 906 1817 iu
926 1774 1064 1834 campum
1079 1736 1171 1815 obuia

810 1890 909 1952 israel.
952 1891 992 1951 Et
1013 1891 1125 1951 lactum
1149 1898 1198 1950 est

732 2019 735 2023 ’
809 2024 919 2085 narrum
944 2000 1194 2086 instruamur?

809 2169 840 2218 et
861 2158 1051 2219 caeciderunt
1073 2159 1199 2238 populus

808 2294 899 2354 israel
923 2298 951 2354 in
977 2303 1137 2374 conspectu

810 2447 968 2507 puerorum
993 2430 1078 2490 danit
1099 2438 1130 2489 et

812 2566 895 2626 lacta
917 2573 982 2624 erat
1003 2565 1091 2643 plaga
1114 2584 1199 2643 mag-

811 2717 851 2758 ua
874 2699 961 2759 ualde
983 2700 1011 2758 in
1035 2699 1087 2759 illa
1108 2698 1157 2759 die
1179 2700 1284 2763 XXV

812 2833 894 2894 milia
915 2832 1055 2895 uircmm,

812 2969 974 3029 etinctum
998 2980 1042 3026 est
1065 2968 1172 3030 bellum

810 3102 851 3162 ibi
873 3102 972 3163 diffusi
993 3112 1063 3163 sunt
1084 3122 1172 3182 super

809 3237 916 3299 faciem
938 3238 1031 3298 totius
1053 3238 1148 3298 siluae

810 3383 840 3432 et
864 3372 978 3450 repleta
1000 3381 1045 3432 est
1067 3372 1143 3432 silua

811 3520 845 3567 ut
868 3516 1055 3567 consumeret
1076 3506 1113 3566 de
1136 3526 1192 3584 pn-

810 3641 879 3722 pulc
903 3660 977 3720 quos
999 3641 1187 3700 deuorauerit

812 3777 928 3857 gladius
949 3777 978 3836 in
1001 3775 1048 3836 die
1069 3774 1119 3835 illa
1142 3789 1171 3832 et

812 3911 927 3972 occurit
953 3911 1110 3971 abessalon

812 4056 916 4106 contra
939 4046 1042 4106 laniem
1067 4065 1174 4124 puero-

812 4199 878 4240 rum
900 4180 984 4240 dauit
1005 4192 1035 4240 et
1057 4180 1198 4271 ascendit

1122 4280 1161 4342 git
