3325 4959
794 466 857 529 not
879 467 922 528 44
943 467 972 532 b.

763 652 809 715 111
833 647 873 734 (ι)
888 651 963 730 aeg.

334 985 365 1045 in
387 984 506 1045 domum
529 980 592 1043 ains
614 989 645 1040 et
664 978 748 1040 bibat

334 1138 452 1200 aquam.

336 1256 378 1316 Et
398 1256 509 1315 iactum
533 1261 578 1312 est
597 1250 771 1311 sedentibus

334 1389 393 1451 illis
415 1388 453 1449 ad
476 1404 615 1447 mensam.
660 1384 700 1444 Et
723 1379 788 1443 fac-

336 1536 398 1586 tnm
422 1532 468 1584 est
491 1523 612 1583 uerbum
642 1500 704 1579 diii

335 1670 368 1721 at
388 1658 563 1739 prophetam
587 1672 734 1734 prouoca-

260 1860 262 1865 .
336 1796 382 1857 nit
403 1812 479 1855 anm.
524 1791 565 1851 Et
587 1788 663 1851 dixit
683 1797 716 1848 at
739 1787 796 1848 ho-

339 1930 446 1991 minem
470 1906 509 1989 di*
523 1924 574 2005 qni
597 1933 781 1985 uenenatas

334 2064 404 2125 inda
425 2063 525 2124 dicens
547 2059 621 2121 haec
643 2058 716 2119 dicit

271 2275 276 2290 ·
336 2180 402 2261 dms·
424 2205 581 2276 propterea
603 2192 680 2273 qnod
703 2191 732 2253 in

337 2333 520 2397 iracundiam
544 2327 692 2407 instigasti

337 2470 459 2533 uerbum
481 2448 541 2528 d'i'n'i
564 2475 595 2525 et
619 2483 675 2524 non
699 2481 771 2524 con·

335 2602 462 2667 seruasti
485 2610 678 2681 praecaptum

334 2741 411 2821 qnod
434 2737 588 2817 praecepit
608 2734 662 2794 tibi
691 2713 763 2792 dim

336 2854 378 2935 ds
393 2882 463 2934 tuus
485 2881 514 2930 et
538 2870 639 2930 redisti
663 2878 693 2927 et
715 2884 800 2926 man-

335 3007 453 3069 ducasti
476 3023 581 3085 panem
605 3014 636 3064 at
659 3002 754 3062 bibis·

337 3144 376 3205 sti
398 3160 505 3223 aquam
530 3141 559 3201 in
583 3138 725 3200 hocloco

336 3281 374 3338 de
396 3294 454 3357 qno
477 3276 591 3337 locutus
614 3285 659 3333 est

336 3414 374 3475 ad
396 3424 427 3473 ta
449 3412 549 3472 dicens
572 3428 628 3471 non
652 3427 739 3469 man-

337 3547 464 3610 ducabis
486 3564 590 3625 panem
614 3562 708 3623 nequa

334 3683 418 3743 bibas
440 3698 547 3761 aquam
569 3679 635 3740 iden
657 3698 714 3739 non

336 3815 463 3878 intrabit
483 3832 589 3892 corpus
611 3822 693 3874 tunm
718 3812 746 3872 in
770 3821 836 3874 mo-

336 3963 508 4013 numentum
531 3960 650 4027 patrum
674 3931 769 4010 tuorff.

335 4087 377 4147 Et
397 4088 511 4147 iantnm
533 4092 579 4144 est
600 4096 757 4166 postquam

1066 804 1108 866 aa,
1127 807 1236 867 aa-‚aa

1139 907 1424 915 --—-—-..-.

918 972 1111 1035 manducauit
1133 992 1239 1053 panem
1265 982 1296 1033 et

913 1106 990 1169 bibit
1010 1127 1117 1188 aquam
1140 1117 1171 1170 at
1191 1108 1303 1170 strauit

916 1243 1031 1305 asinam
1054 1243 1119 1303 sibi.
1164 1245 1204 1305 Et
1228 1263 1361 1305 reuersus

915 1389 961 1439 est
982 1390 1012 1438 at
1033 1379 1137 1440 abiret,
1182 1380 1222 1439 Et
1243 1379 1359 1440 inuenit

915 1532 980 1574 snm
1003 1513 1067 1573 laen
1089 1513 1119 1574 in
1143 1513 1221 1574 niam
1243 1523 1274 1572 et
1294 1533 1346 1575 oc-

915 1648 988 1709 cidit
1009 1604 1086 1709 suni.
1131 1650 1171 1709 Et
1191 1659 1254 1708 erat
1277 1667 1382 1728 onrpns

914 1786 977 1847 eins
1000 1786 1162 1865 proiectum
1186 1784 1215 1845 in
1241 1786 1318 1846 niam

914 1931 944 1981 et
966 1909 1155 1982 laenstabat
1177 1922 1215 1983 ad
1239 1900 1274 1983 eit

915 2066 946 2115 et
970 2055 1034 2117 laen
1058 2058 1161 2117 stabat
1183 2058 1220 2117 ad
1244 2075 1351 2135 corpus

917 2192 989 2253 eius.
1033 2192 1073 2252 Et
1096 2202 1274 2271 acceperunt
1293 2193 1342 2253 ni·

915 2326 941 2387 ri
962 2326 1018 2388 inni
1039 2326 1118 2387 iliius
1140 2339 1172 2388 et
1195 2327 1284 2422 incuti
1307 2339 1377 2389 sunt

915 2462 945 2523 in
968 2462 1120 2524 ciuitatem
1143 2463 1193 2523 ubi
1217 2462 1304 2524 homo

914 2598 1013 2659 senior
1033 2599 1200 2662 habitabat.
1246 2601 1285 2660 m
1306 2602 1392 2662 audi-

914 2734 959 2793 uit
980 2732 1030 2813 qui
1052 2731 1237 2795 relocanerat
1258 2714 1298 2797 eti

914 2869 951 2928 da
973 2867 1032 2931 nia.
1076 2869 1118 2929 Et
1138 2870 1214 2931 dixit
1236 2871 1323 2935 homo
1345 2875 1392 2936 dei

914 3003 963 3064 his
985 3015 1040 3066 est.
1084 3004 1125 3064 Et
1146 3007 1182 3066 ad
1213 2991 1375 3070 iracundia
1398 3090 1403 3097 .

913 3139 1109 3217 instigauerat
1130 3141 1252 3203 uerbum

916 3257 986 3339 dffii.
1032 3275 1071 3335 Et
1091 3276 1166 3336 abiit
1188 3285 1218 3335 st
1229 3277 1344 3338 inuenit
1358 3297 1426 3338 cnr-

916 3428 974 3489 pus
996 3409 1058 3470 eius
1080 3410 1243 3488 proiectum
1268 3412 1296 3471 in
1320 3411 1370 3471 nia

918 3555 948 3605 et
971 3543 1056 3606 asina
1078 3557 1108 3605 et
1131 3545 1196 3606 laeo
1218 3546 1341 3606 stabant

915 3680 1001 3741 iuxta
1022 3698 1128 3758 norpus
1150 3680 1213 3740 eins
1236 3692 1266 3738 et
1288 3680 1333 3741 ieo

917 3828 981 3876 non'
999 3813 1191 3876 manducauit
1212 3833 1280 3875 cor·

917 3970 973 4031 pus
996 3951 1059 4011 eins
1083 3959 1113 4009 et
1135 3968 1191 4010 non
1214 3949 1331 4009 confre-

918 4085 962 4165 git
984 4085 1097 4146 asinam
1121 4095 1152 4144 at
1173 4084 1303 4145 sustulit.
