3325 4959
830 448 895 511 rot.
919 449 934 509 l
960 449 989 509 b.

740 634 769 694 Il
791 632 866 712 Reg.
888 632 933 712 (ΙΙ
953 632 1049 713 Sam.)

343 944 483 1018 uumeuto
505 956 599 1035 patris
620 956 665 1015 sui

346 1097 377 1149 et
398 1088 482 1150 dauit
505 1088 585 1150 uouit
608 1089 637 1149 iu
662 1108 712 1150 oa·

344 1231 408 1283 stra
430 1230 460 1282 et
481 1222 635 1284 abessalon
660 1235 756 1284 traus-

345 1358 402 1419 iuit
424 1356 566 1418 iordaueu
589 1357 651 1437 ipse
672 1366 703 1416 et

344 1510 445 1553 omues
466 1491 521 1552 uiri
544 1491 630 1552 israel

345 1646 411 1689 oum
436 1646 469 1687 eo
492 1638 522 1687 et
544 1645 644 1688 amasa
671 1645 743 1687 oon-

344 1762 445 1823 stituit
466 1760 622 1823 abessalon

344 1906 447 1981 ooutra
467 1898 536 1958 ioab
559 1914 648 1975 super

343 2032 504 2094 exercitum
527 2051 629 2093 amasa
653 2020 708 2091 au'-

343 2180 403 2228 tem
427 2165 590 2228 eratfilius
613 2154 729 2227 abietes
751 2166 794 2225 is·

341 2302 413 2363 raeii
435 2301 484 2381 qui
506 2300 633 2362 intrauit

340 2438 378 2497 ad
400 2436 515 2515 abigael
539 2435 630 2495 filium
654 2453 709 2494 ua·

341 2592 376 2633 as
399 2591 529 2633 sororem
553 2570 671 2630 saruiae

341 2706 443 2765 matris
466 2704 533 2765 ioab
556 2715 585 2764 et

339 2839 494 2900 coustituit
516 2838 672 2899 abessalon

340 2986 370 3033 et
385 2990 487 3034 omues
509 2974 587 3034 uiros
609 2953 697 3033 israel
720 2981 807 3032 eruut

339 3109 368 3169 iu
392 3119 473 3168 terra
495 3108 600 3186 giiead.
644 3108 685 3167 Et
705 3107 771 3167 iao·

339 3250 407 3304 tam
423 3249 470 3304 eat
492 3262 563 3303 oum
584 3261 640 3303 ve-

331 3378 438 3439 rtisset
458 3378 551 3439 duait
570 3378 606 3438 in
628 3383 737 3439 rastro

339 3523 368 3572 et
390 3513 454 3573 sobi
478 3512 555 3572 filius
578 3530 651 3573 uass
671 3514 707 3572 de

339 3648 447 3708 rabbat
469 3648 594 3709 filiorum
618 3667 685 3707 anr-

339 3801 405 3842 mou
431 3792 460 3842 et
482 3781 594 3842 machir
616 3780 693 3842 filius
716 3800 751 3841 a·

337 3918 424 3977 amiel
448 3917 496 3995 qui
521 3927 585 3974 erat
607 3917 642 3975 de
666 3916 731 3976 iod-

337 4050 432 4111 dabar
454 4062 484 4109 et
507 4050 643 4110 barseliai
667 4068 721 4128 ga-

336 4185 443 4245 ladites
465 4187 501 4246 de
524 4186 655 4261 rogelim.
701 4186 741 4246 Et
763 4186 820 4247 ad-

1009 790 1048 848 1⁷,
1067 790 1181 850 28—293
1201 787 1240 847 rs,
1260 787 1333 833 r-a.

922 954 1034 1014 ferrent
1055 953 1089 1015 X
1111 972 1223 1032 puuuos
1245 952 1334 1014 leoti-

925 1087 1056 1149 oqurum
1081 1090 1186 1149 uberes
1208 1107 1262 1149 oa·

924 1221 1002 1302 pillis
1023 1231 1053 1283 et
1074 1223 1148 1285 ollas
1169 1224 1202 1285 X
1225 1233 1255 1283 et

924 1376 998 1420 uasa
1021 1358 1125 1419 fiotiiia
1147 1367 1178 1419 et
1199 1358 1332 1419 frumeu-

924 1502 987 1554 tum
1010 1501 1041 1552 et
1064 1492 1205 1553 hordeum
1227 1504 1258 1553 et

923 1627 1048 1687 farinam
1071 1636 1102 1686 et
1120 1625 1279 1706 polentam

925 1770 956 1821 et
977 1761 1078 1822 fabam
1100 1769 1131 1821 et
1153 1760 1291 1821 lenticum

923 1905 954 1955 et
976 1896 1030 1956 mei
1054 1907 1085 1955 et
1107 1896 1243 1955 buterum
1267 1908 1296 1954 st

924 2048 996 2091 oues
1018 2040 1049 2090 et
1072 2029 1180 2090 uitulos
1203 2030 1284 2108 sagi-

925 2174 1011 2225 natos
1033 2174 1062 2224 et
1086 2165 1229 2225 dederuut
1253 2164 1338 2225 dauit

878 2320 881 2324 ·
923 2309 954 2359 et
974 2299 1083 2378 populo
1106 2317 1171 2358 oum
1195 2318 1229 2360 eo
1250 2309 1282 2359 ut
1305 2317 1397 2359 mau-

923 2435 1066 2494 duoarent
1089 2432 1220 2493 dicentes

844 2586 858 2603 ⁴
917 2568 994 2629 euim
1019 2568 1144 2648 populus
1166 2568 1194 2628 iu
1218 2571 1272 2629 de·
1357 2631 1359 2635 ,

921 2714 1000 2764 serto
1023 2703 1180 2763 doietissus
1200 2703 1228 2762 iu
1253 2721 1305 2763 ex-

825 2839 828 2843 ’
920 2850 1014 2899 tremo
1037 2837 1124 2898 tamis
1145 2850 1176 2896 et
1198 2837 1273 2900 sitis.

920 2974 959 3033 Et
983 2973 1129 3051 disposuit
1151 2970 1235 3033 dauit
1255 2990 1323 3031 om-

919 3126 985 3168 uem
1009 3092 1150 3187 populum
1173 3106 1222 3186 qui
1245 3124 1309 3165 oum

919 3262 953 3303 eo
976 3252 1062 3303 eraut
1084 3253 1113 3301 et
1133 3240 1278 3302 coustitu-

918 3379 943 3439 it
964 3396 1053 3456 super
1076 3397 1125 3437 eos
1148 3378 1280 3455 praetec-

919 3524 965 3571 tos
988 3523 1017 3570 et
1040 3511 1176 3573 tribunos
1199 3521 1228 3569 et
1250 3529 1322 3570 oen-

914 3638 1046 3709 turioues
1068 3658 1098 3707 et
1121 3647 1300 3726 tripartitum

918 3783 989 3842 fecit
1011 3784 1092 3844 dauit
1118 3782 1257 3860 populum
1280 3794 1309 3838 st

883 3905 886 4006 i
916 3916 1035 3978 tertium
1060 3929 1173 3995 partem
1198 3914 1280 3976 dedit

916 4050 946 4112 iu
970 4070 1086 4111 manum
1109 4050 1178 4110 ioab
1199 4058 1229 4113 et

918 4185 1048 4247 tertium
1066 4192 1194 4266 purtem
1215 4184 1320 4247 abisai
