3325 4959
676 435 743 501 Fol.
765 430 807 496 26
818 454 847 497 a.

625 623 657 685 11
670 622 746 705 Reg.
768 623 814 704 (11
829 620 926 699 Sam.)

428 782 452 841 o,
469 782 560 827 e-11.

232 948 260 1012 ei
281 946 360 1010 olodi
381 945 591 1008 dieentes'non

231 1082 363 1144 intrabat
384 1081 441 1143 hae
463 1081 620 1143 domuset

232 1215 447 1296 conprehendit
467 1215 552 1278 deuit

192 1410 193 1413 ,
232 1353 306 1414 finos
326 1350 390 1413 sion
413 1350 516 1411 dioens

233 1488 307 1550 haee
329 1495 375 1549 est
397 1485 504 1548 oiuitas
523 1484 608 1547 dauit

233 1632 264 1685 et
286 1622 363 1685 dixit
384 1621 468 1684 dauit
490 1620 519 1681 in
542 1618 589 1681 die
610 1617 660 1680 ilio

233 1757 330 1820 omnis
352 1757 402 1837 qui
425 1764 607 1836 percutteret

233 1891 386 1954 iebuseum
410 1890 526 1951 oceidet
548 1890 610 1952 oio·

234 2028 288 2089 dos
310 2035 342 2088 et
362 2048 467 2090 oaeoos
489 2039 519 2090 et
541 2048 643 2091 omnes

236 2162 285 2243 qui
307 2165 433 2225 oderunt
454 2162 582 2225 animam

234 2296 342 2359 iustam
366 2298 458 2361 danit·
502 2301 627 2378 Propter

233 2430 289 2493 hoo
311 2432 411 2495 dicent
433 2435 514 2495 oaeoi
537 2443 568 2494 et
629 2500 632 2507 ,

192 2638 195 2645 ,
235 2567 311 2630 olodi
333 2587 390 2629 non
412 2568 567 2630 intrabunt

236 2702 266 2763 in
289 2705 407 2767 domum
431 2685 501 2766 dr'n'i.
545 2704 585 2765 Et
607 2723 656 2765 se-

238 2837 283 2898 dit
303 2838 386 2900 dauit
407 2840 436 2900 in
460 2858 575 2899 omnem
599 2838 696 2918 regio-

239 2988 305 3030 nem
327 2973 391 3033 sion
413 2983 444 3033 et
465 2982 572 3035 uooata
595 2981 641 3034 est

239 3104 442 3182 haeo,oiuitas
464 3106 547 3168 dauit
569 3117 600 3168 et

238 3240 410 3302 aeditioauit
430 3241 460 3301 in
482 3242 606 3321 propin·

239 3375 386 3456 quitatem
409 3375 513 3456 ipsam
534 3384 565 3439 et
583 3377 618 3439 t'rs
640 3378 705 3441 oir-

240 3511 438 3578 merassas.
482 3515 523 3576 Et
544 3515 645 3594 posuit
666 3514 722 3576 do-

242 3666 320 3709 mum
344 3668 437 3711 suam.
483 3650 523 3710 Et
544 3649 609 3710 abit
632 3650 687 3711 da·

240 3782 284 3843 uit
306 3784 472 3863 ingrediens
496 3793 525 3845 et
549 3802 633 3863 mag-

241 3918 428 3984 uincebatur.
472 3919 514 3980 ut
536 3901 601 3980 offis

242 4053 428 4134 omnipotens
449 4074 515 4116 oum
537 4056 604 4134 ipso
679 4066 680 4069 ’

243 4198 317 4250 erat.
362 4189 404 4251 Et
426 4189 505 4250 misit
528 4188 615 4271 thyre

983 779 1008 836 o,
1027 776 1133 822 11-1s.

799 963 852 1007 rex
874 943 925 1006 tiri
945 941 1065 1005 nuntios
1086 950 1120 1003 et
1140 943 1197 1003 da-

800 1081 846 1143 nit
867 1087 899 1141 et
919 1079 1022 1141 trabes
1045 1075 1181 1139 cedrinas

690 1224 691 1231 ’
801 1223 833 1276 et
853 1214 955 1276 fabros
976 1213 1108 1293 lignaeos
1130 1219 1161 1272 et

802 1359 964 1413 structores
986 1347 1149 1428 parietum

802 1494 834 1548 et
855 1485 1089 1562 aedifioauerunt
1112 1483 1232 1544 domum

814 1619 908 1684 dauit.
953 1619 995 1680 Et
1017 1615 1156 1697 cognouit
1178 1617 1262 1679 dauit

805 1716 948 1838 quoniam
967 1752 1159 1836 praeparauit

807 1910 873 1953 eum
896 1873 962 1952 dms
983 1889 1013 1949 in
1036 1907 1135 1969 regem
1158 1906 1211 1950 su·
1292 1916 1294 1919 >

805 2046 859 2108 per
878 2026 978 2089 israel.
1015 2027 1056 2087 Et
1071 2022 1210 2106 quoniam
1229 2023 1331 2085 exait-

806 2161 871 2225 anit
892 2178 1015 2241 regnum
1037 2159 1101 2221 eins
1123 2178 1215 2239 supra

807 2308 887 2359 terra
909 2295 998 2357 israel
1020 2294 1163 2375 populum
1185 2277 1256 2357 suu-

805 2441 835 2493 et
857 2431 975 2511 aooepit
997 2432 1082 2493 dauit
1104 2430 1203 2493 adhuc
1225 2452 1261 2494 u-

805 2585 893 2629 xores
915 2578 945 2628 et
967 2566 1148 2628 eonoubinas

806 2701 844 2762 de
866 2698 1046 2763 hierusalem
1071 2709 1198 2782 postque

806 2836 890 2898 uenit
910 2856 929 2897 a
951 2836 1089 2899 chebron.
1132 2838 1174 2899 Et
1195 2856 1252 2898 na-

807 2972 831 3034 ti
853 2981 923 3033 sunt
944 2971 1042 3033 adhue
1064 2972 1149 3035 dauit
1169 2971 1211 3034 nli

808 3119 840 3172 et
858 3110 946 3173 filiae.
991 3108 1032 3169 Et
1053 3107 1128 3169 haec
1150 3118 1196 3169 est
1218 3106 1317 3169 nomi-

808 3264 848 3307 na
866 3244 962 3307 XVII
985 3243 1110 3305 filiorum

809 3379 1123 3460 mmmm

811 3514 838 3576 ei
860 3513 891 3575 in
913 3513 1071 3575 ierusalem
1094 3530 1146 3573 sa-

812 3658 893 3711 maet
914 3659 946 3711 et
967 3646 1095 3709 asebath
1118 3656 1148 3706 et
1170 3664 1226 3705 na-

812 3784 895 3845 tham
917 3792 948 3845 et
968 3782 1100 3844 solomon
1124 3789 1155 3842 et
1177 3781 1251 3841 abe·
1295 3798 1301 3808 ’

811 3938 845 3980 ar
869 3929 898 3978 et
921 3917 1021 3981 elisue!
1045 3928 1076 3977 et
1097 3914 1233 3995 napheth

813 4061 844 4114 et
864 4052 923 4114 aha
945 4061 976 4113 et
998 4051 1123 4113 elisama
1143 4060 1174 4111 et
1197 4048 1260 4110 liba

749 4176 752 4182 ¹
812 4198 842 4249 ot
866 4187 958 4267 elipat
