3325 4959
805 422 874 487 not·
898 420 937 485 18
947 423 978 484 b.

749 606 1029 689 rmuma

535 766 558 823 a,
579 766 686 811 10-14.

598 865 666 873 —.

339 932 417 995 siant
437 914 528 993 semel
553 940 583 993 et
605 928 661 993 bis.
705 930 746 992 Et

338 1066 417 1130 dixit
438 1065 552 1129 samuel
575 1066 694 1146 loquere

339 1202 409 1283 quie
431 1202 516 1264 audit
539 1220 642 1263 seruus
665 1211 733 1263 tuus

339 1349 370 1400 at
392 1337 469 1399 dixit
491 1317 556 1399 dnn-s
577 1339 614 1398 ad
638 1337 750 1399 samuel

338 1491 409 1535 eece
433 1492 486 1553 ego
509 1472 602 1566 uerba
625 1491 691 1532 mea

338 1607 415 1669 iasio
438 1608 468 1669 in
492 1608 581 1669 israel
604 1617 635 1668 et
656 1626 722 1669 nm·

340 1762 392 1804 nes
413 1742 569 1809 audientes
592 1762 627 1803 ee
651 1761 705 1805 ue-

339 1877 422 1940 nient
443 1877 550 1939 ambae
573 1896 659 1939 eures

338 2013 411 2076 eius.
454 2014 490 2075 In
514 2012 562 2073 die
584 2012 636 2074 illu
658 2031 717 2093 quo

338 2148 489 2211 suscitabo
512 2166 600 2228 super
622 2146 660 2209 eli
769 2140 771 2145 ’

338 2282 438 2345 omnia
459 2301 533 2363 quae
557 2284 672 2345 loeutus

338 2437 403 2481 sum
427 2421 463 2480 de
486 2418 573 2481 domn
596 2417 660 2482 eius

335 2561 365 2614 et
386 2552 523 2632 incipiam
548 2566 579 2615 et
601 2555 691 2634 perii-

334 2689 408 2751 ciam
432 2700 462 2750 et
486 2689 617 2770 praedixi
642 2690 677 2751 ei.

335 2823 416 2895 Quia
438 2843 491 2905 ego
512 2824 620 2886 faeiem
644 2824 711 2886 uin·

255 2960 259 2966 '
335 2958 416 3021 dieta
437 2960 473 3020 de
495 2961 582 3021 domn
605 2959 667 3021 eius
689 2979 743 3022 us·

334 3112 390 3175 que
411 3092 441 3155 in
464 3103 615 3155 aeteruum

333 3237 455 3308 propter
477 3228 639 3290 iniustitias

334 3363 459 3426 filiorum
485 3382 558 3444 quas

263 3534 268 3543 ·
332 3483 397 3579 ipse
419 3499 510 3560 seinit
532 3498 669 3579 quoniam

337 3634 555 3696 maledicebant
576 3616 624 3695 dm
648 3633 701 3695 filii

334 3770 397 3832 eins
419 3777 450 3831 et
472 3787 529 3830 non
551 3769 667 3849 corrip-

332 3904 415 3966 iebat
436 3923 496 3970 eos.
540 3904 581 3965 Et
603 3904 669 3965 ideo
691 3902 736 3965 sin

333 4038 427 4101 iuraui
450 4040 549 4102 domui
572 4039 610 4101 eli
633 4058 689 4102 non

333 4172 409 4236 euim
434 4172 602 4237 dimittetur
624 4173 683 4237 ini·

1093 765 1117 824 a,
1139 765 1243 811 rr-m.

924 929 1022 1010 quitus
1044 929 1144 992 domui
1166 929 1202 989 eli
1225 930 1254 991 in
1277 931 1334 993 in-·
1367 1017 1369 1021 ι

923 1083 1011 1125 nense
1034 1072 1065 1125 et
1085 1063 1238 1126 mamfiaiie

920 1200 1064 1280 usquein
1087 1208 1251 1262 aeteruum.
1295 1201 1336 1261 Et

923 1334 1064 1397 dormiuit
1085 1334 1198 1397 samuel
1220 1355 1273 1397 us·

922 1472 950 1551 q’
972 1470 1001 1531 in
1026 1489 1120 1535 mane.
1166 1471 1207 1531 Et
1228 1489 1327 1533 surre-

921 1605 965 1666 xit
989 1612 1132 1666 temerate
1154 1615 1185 1667 et
1206 1604 1322 1685 apernit

921 1739 1028 1802 ianuas
1050 1740 1154 1820 tempii
1176 1722 1245 1802 dmi.
1291 1741 1330 1802 Et

922 1877 1036 1938 samuel
1060 1876 1159 1939 timuit
1182 1880 1277 1940 refer-

922 2029 954 2071 re
976 2011 1071 2072 uisum
1094 2003 1143 2078 eii.
1187 2014 1227 2077 Et
1249 2015 1324 2076 dixit

922 2145 960 2207 eli
982 2148 1020 2207 ad
1042 2150 1164 2212 namuel.
1211 2148 1321 2211 Samn-

922 2281 947 2342 ei
970 2281 1021 2343 firi.
1066 2285 1107 2345 Et
1128 2282 1177 2344 ille
1200 2284 1277 2347 dixit
1299 2304 1365 2347 eene

921 2416 1054 2480 hiesum
1078 2438 1141 2498 ego.
1187 2420 1226 2481 Et
1248 2419 1324 2481 dixit

920 2552 957 2613 eii
980 2555 1057 2635 qnod
1081 2566 1127 2617 est
1151 2556 1273 2617 uerbum

920 2691 996 2769 quod
1020 2689 1131 2752 ieetum
1155 2700 1201 2753 est
1223 2692 1259 2751 ad
1285 2700 1314 2750 te
1384 2740 1387 2744 ,

918 2824 979 2885 noli
1002 2824 1184 2886 abscondere
1206 2844 1224 2885 a
1246 2843 1292 2886 me

920 2959 1042 3020 uerbum
1067 2969 1098 3020 st
1121 2960 1258 3048 omnibus

918 3094 1018 3156 uerbis
1040 3112 1116 3174 qnae
1138 3095 1310 3157 dictasunt

917 3230 955 3290 ad
977 3248 1063 3291 aures
1086 3240 1153 3291 tuas
1175 3230 1248 3292 baee
1269 3232 1316 3291 ia-

882 3347 1350 3464 {mmmmmm

882 3469 885 3550 i
918 3499 959 3561 ris
982 3519 1000 3560 e
1023 3519 1077 3563 me.
1120 3502 1161 3563 Et
1183 3500 1326 3564 indicauit

918 3636 1032 3697 samuel
1054 3636 1093 3697 eii
1115 3636 1215 3697 omnia
1236 3654 1304 3697 uer·

918 3769 959 3831 bn
979 3778 1011 3831 et
1032 3770 1104 3833 nihil
1126 3771 1235 3833 celauit
1258 3771 1295 3834 οἱ

918 3887 1359 3985 mffimffimm

918 4041 995 4121 quod
1020 4041 1164 4121 placuerit
1184 4040 1214 4102 in
1236 4060 1309 4104 eon-

916 4186 1021 4254 spentu
1042 4194 1095 4237 suo
1119 4177 1237 4241 feceret.
1283 4179 1322 4241 Et
