3325 4959
646 446 791 513 F01.3s

619 634 633 695 1
656 634 730 712 aeg.
752 631 783 715 (1
802 632 901 711 Sam.)

339 790 378 846 10,
397 788 509 844 84-2t;
529 792 568 846 11,
588 792 609 834 1.

213 956 302 1017 nibus
324 954 417 1017 uobis.
462 954 502 1016 Et
525 954 661 1033 cognouit

213 1090 307 1151 omnis
328 1089 453 1170 populus
475 1098 506 1150 et
527 1088 666 1151 dixerunt

213 1226 296 1287 uiuat
317 1244 380 1288 rex.
423 1225 463 1285 Et
485 1224 600 1287 loeutus
622 1233 667 1285 est

211 1359 323 1421 samuel
344 1369 378 1422 st
399 1359 540 1441 populum
562 1358 626 1422 ius-

211 1494 307 1556 titiam
330 1494 411 1573 regni
434 1502 465 1555 et
485 1494 606 1575 scripsit

209 1628 238 1690 iu
261 1628 337 1691 libro
359 1638 390 1691 et
410 1628 513 1711 posuit
534 1637 603 1690 ante

209 1746 285 1827 doTn'.
330 1765 370 1825 Et
392 1763 505 1826 dimisit
526 1764 638 1826 samuel

207 1919 325 1961 omnem
347 1900 488 1979 populum
513 1907 542 1960 et
564 1920 600 1961 a·

207 2084 263 2146 biit
285 2084 455 2165 unusquisq'
476 2086 504 2146 in
528 2068 594 2147 loo-u

206 2238 292 2280 suum
315 2226 345 2279 et
366 2219 508 2282 salutauit
529 2202 621 2283 domu

978 790 1016 849 11,
1037 791 1110 837 1-s.

783 955 821 1015 ad
843 972 918 1015 naas
939 952 1102 1015 amanitem
1124 955 1187 1017 dis·

782 1108 859 1168 pone
882 1088 969 1150 nobis
992 1099 1158 1151 testamen-

725 1254 727 1262 <
782 1231 846 1285 tum
869 1232 900 1285 et
921 1223 1083 1287 seruiemus
1105 1224 1162 1285 tibi

782 1369 812 1420 et
834 1358 912 1421 dixit
933 1360 973 1420 ad
996 1376 1046 1419 eos
1069 1378 1143 1420 naas
1165 1378 1251 1422 ama

781 1492 858 1556 uites
880 1494 911 1556 in
934 1493 990 1556 hoo
1013 1494 1168 1575 disponam

780 1628 866 1691 uobis
888 1639 1102 1690 testamentum
1125 1639 1158 1689 ut

779 1746 916 1825 effodiam
939 1762 1025 1824 uobis
1048 1764 1159 1825 omnib'

779 1897 913 1959 oooulum
938 1898 1092 1958 dexterum
1115 1908 1145 1959 et
1169 1917 1225 1978 po·

932 2017 948 2065 b

780 2101 848 2145 uam
870 2082 899 2144 in
923 2084 1093 2165 oprobrinm
1116 2082 1146 2143 in
1168 2083 1247 2146 isra·

778 2220 814 2280 ei.
860 2220 901 2281 Et
924 2220 1064 2280 dixerunt
1085 2217 1111 2277 ei
1135 2217 1191 2280 uiri

204 2353 338 2416 suumin
362 2354 475 2416 nollem.
521 2357 562 2416 Et
581 2341 688 2419 abiert
716 2324 717 2329 ἵ
776 2353 856 2416 iubis
877 2352 1024 2416 sustinere
1047 2352 1133 2414 nobis
1154 2365 1240 2434 septe

204 2488 247 2550 iili
266 2500 449 2568 potestatum
472 2472 587 2571 equoru

204 2624 303 2703 tetigit
325 2607 390 2686 dms
413 2626 596 2704 praecordia.

206 2756 263 2817 Fili
284 2759 474 2837 pestilentiae
493 2746 528 2823 'et
549 2763 635 2823 dixe-

206 2900 275 2952 runt
298 2897 542 2972 quemadmodum

205 3026 253 3088 hio
276 3046 329 3088 nos
350 3029 448 3090 saluos
471 3030 568 3094 faciet.
612 3033 652 3094 Et

131 3159 137 3171 ’
203 3172 379 3242 spernentes
403 3172 557 3245 contemp·

202 3306 307 3359 serunt
329 3318 394 3359 eum
419 3310 448 3359 et
470 3319 526 3361 non
550 3312 599 3363 at-

201 3433 333 3495 tuierunt
355 3434 382 3496 ei
406 3455 535 3501 munera.

202 3572 242 3633 Et
263 3571 375 3633 iactum
397 3580 443 3633 est
465 3573 549 3650 quasi
571 3583 640 3652 post

202 3706 490 3767 mensem'asoendit

201 3857 275 3901 naas
297 3842 444 3902 amanites
468 3851 497 3902 et
520 3860 597 3921 pug-

114 3998 119 4007 ·
198 3976 293 4038 nouit
314 3978 471 4040 aduersus
492 3978 578 4039 iubes
595 3974 691 4058 pala·

199 4110 308 4175 ditum.
353 4115 393 4175 Et
415 4114 554 4177 dixerunt
576 4131 641 4173 om-

201 4265 253 4305 nes
276 4250 330 4311 uiri
361 4252 439 4317 iabis
466 4230 607 4331 galadim

776 2489 840 2551 dies
863 2500 893 2550 et
915 2487 1070 2551 mittemus
1092 2507 1170 2549 nun-

777 2624 835 2685 tios
858 2623 886 2684 in
910 2642 1026 2684 omnem
1051 2625 1149 2703 regio-

775 2778 842 2819 nem
864 2758 962 2819 israel.
1008 2758 1048 2819 Et
1070 2758 1094 2818 si
1120 2778 1177 2819 nou

775 2892 864 2955 fuerit
886 2892 955 2973 quid
981 2904 1062 2972 reget
1085 2913 1138 2954 nos

776 3029 909 3090 exiemus
931 3028 969 3090 sd
992 3046 1046 3089 nos
1069 3038 1099 3087 et
1122 3048 1176 3089 ue-

773 3174 882 3226 nerunt
905 3163 999 3225 nuntii
1021 3162 1051 3224 in
1077 3162 1152 3225 oolle

773 3298 837 3359 sau!
862 3307 893 3359 et
915 3297 1006 3359 locuti
1028 3309 1099 3360 suut

773 3432 848 3494 haec
870 3435 962 3495 uerba
985 3434 1023 3494 ad
1048 3453 1136 3495 aures
1158 3452 1214 3515 pu-

773 3566 843 3648 puli.
888 3568 927 3629 Et
950 3568 1128 3630 leuauerunt
1150 3588 1215 3630 om·

773 3702 819 3764 nis
841 3702 967 3781 populns
991 3722 1092 3765 uocem
1117 3705 1181 3767 eius

747 3772 750 3907 Ι
772 3849 802 3897 et
826 3838 1019 3918 plorauernnt
1043 3849 1073 3899 et
1093 3857 1163 3900 ecoe

772 3973 837 4033 seul
861 3972 1000 4033 ueniebat
1022 3992 1108 4033 mane
1131 3976 1170 4035 ab

771 4127 841 4187 agro
864 4117 895 4166 et
916 4106 993 4168 dixit
1016 4108 1080 4169 ssui
1103 4108 1172 4188 qnid

745 4217 749 4327 Ξ
772 4255 816 4304 est
839 4243 901 4306 iliis
924 4244 1000 4322 quod
1025 4242 1178 4321 plorantur

1080 4416 1094 4459 2
