3325 4959
792 450 858 513 Fol.
879 452 922 514 40
943 468 971 513 a.

711 723 717 749 Ι
759 634 806 697 IV
828 635 891 714 (ΙΙ)
914 636 988 713 aeg.

533 793 556 850 a,
574 790 665 838 s—11.

342 890 593 899 -——-—-—-.-
613 892 707 899 -.-.-.——

337 966 367 1015 ει
383 957 461 1018 dixit
481 958 567 1020 homo
584 938 687 1021 siuti
708 977 779 1020 oae-

336 1090 418 1157 sm.
462 1093 503 1153 m
524 1094 656 1156 osteum
677 1094 703 1154 εἰ
725 1072 792 1155 1005

337 1234 367 1286 et
390 1224 492 1287 tulerit
512 1227 620 1306 lignum
646 1240 675 1289 st
698 1248 768 1308 pro·

336 1359 388 1421 isit
411 1379 476 1422 eum
501 1362 530 1422 in
552 1382 670 1443 aquam.
715 1364 755 1425 Et
776 1384 829 1426 su-

337 1497 509 1572 pranatauit
529 1495 650 1559 securis.
695 1499 736 1560 Et

335 1629 412 1692 dixit
435 1630 564 1694 heliseus
587 1634 668 1694 leuas
691 1634 732 1694 ibi
881 1640 883 1700 i

240 1811 242 1815 .
337 1776 367 1825 et
390 1767 524 1829 extendit
546 1787 664 1829 manum
690 1778 720 1829 et

336 1901 407 1962 tulit
429 1920 493 1962 sam
517 1921 555 1963 ex
576 1922 656 1984 aqua
677 1914 708 1981 st
730 1923 784 1967 rex

337 2037 434 2116 syriae
457 2038 603 2119 pugnauit
625 2041 735 2101 adust-

336 2190 387 2231 sus
409 2170 496 2232 israel
521 2183 551 2233 et
573 2136 726 2235 cansilium

337 2305 444 2368 habuit
460 2326 525 2368 tum
548 2310 647 2388 pueris
670 2311 730 2371 suis

336 2442 489 2504 dioensis
513 2442 608 2505 locum
632 2458 751 2523 pertra-

337 2597 400 2638 mus
423 2580 482 2639 uim
507 2578 629 2641 insidias
651 2580 794 2642 faciamus

335 2728 365 2774 et
386 2715 528 2775 fecarunt.
572 2716 613 2776 Et
635 2717 760 2776 manda-

335 2851 379 2910 uit
402 2849 489 2910 homo
512 2829 552 2911 di
564 2851 601 2909 ad
624 2869 721 2930 regam
744 2852 787 2912 is-

336 2983 396 3043 rael
420 2984 520 3045 disens
542 2984 669 3046 absarus

336 3138 373 3177 ne
396 3129 533 3179 transeas
555 3119 583 3179 in
608 3120 703 3181 locum

337 3253 415 3313 huna
436 3254 506 3332 quia
527 3253 569 3315 ibi
590 3256 670 3336 syria
693 3255 749 3317 ab·

333 3407 440 3451 saonsa
463 3402 518 3453 est.
562 3392 602 3451 Et
626 3392 706 3452 misit
728 3412 780 3454 rex

333 3524 423 3584 israel
445 3526 473 3585 in
496 3526 588 3587 locum
612 3546 697 3607 quem

332 3660 409 3720 dixit
432 3660 519 3720 homo
542 3641 582 3722 di?
626 3664 667 3723 at
689 3663 794 3723 obser-

331 3794 414 3855 uauit
436 3794 505 3856 inde
529 3815 586 3856 non
610 3797 699 3856 semei

329 3947 383 3990 nec
405 3930 460 3992 bis.
506 3910 746 4011 Etpasturbatii

330 4077 374 4126 est
397 4086 448 4127 eor
469 4068 545 4143 regis
567 4067 666 4147 syriae
689 4068 724 4126 ds

1080 793 1104 851 s,
1125 793 1230 838 11-1a

916 957 1007 1018 uerbo
1029 957 1092 1017 hot.
1139 956 1178 1016 Et
1200 956 1319 1017 uocauit

917 1110 1024 1172 pueros
1046 1111 1116 1154 suos
1139 1100 1169 1152 et
1190 1090 1266 1152 dixit
1288 1104 1320 1155 at
1375 1133 1377 1137 »

916 1245 967 1287 sos
988 1245 1079 1307 quare
1103 1246 1159 1287 non
1183 1226 1289 1289 dicatis
1312 1230 1383 1290 mihi

916 1362 982 1442 quis
1004 1363 1110 1440 prodet
1134 1382 1180 1423 ms
1203 1362 1264 1441 regi
1285 1363 1349 1451 is-·

916 1497 988 1558 rasi.
1031 1498 1071 1558 Et
1091 1497 1170 1558 dixit
1191 1517 1267 1560 unus
1289 1500 1325 1560 de

915 1630 1014 1712 pueris
1036 1631 1100 1697 eius
1122 1652 1207 1694 nemo
1229 1641 1260 1695 ts
1280 1654 1352 1715 pro-

915 1769 967 1828 det
988 1768 1103 1827 domine
1126 1787 1178 1828 rex
1199 1780 1245 1829 set
1267 1769 1323 1830 he-

917 1899 1023 1962 lisseus
1046 1902 1189 1981 propheta
1213 1902 1313 1982 populi

916 2036 1003 2096 israel
1027 2037 1145 2097 nuntiat
1167 2038 1228 2115 regi
1251 2037 1293 2097 is-

916 2171 977 2232 rael
1001 2174 1204 2253 quodcumque
1226 2173 1273 2234 io-

881 2387 883 2404 *
917 2316 1002 2368 cutus
1023 2308 1112 2368 fuerit
1134 2309 1162 2369 in
1187 2317 1311 2370 secreto.

919 2442 961 2503 Et
983 2441 1059 2502 dixit
1080 2442 1121 2502 ite
1142 2455 1172 2503 et
1194 2442 1292 2503 uidete
1315 2462 1351 2503 u-

917 2577 947 2637 bi
965 2580 1008 2638 sit
1031 2576 1079 2639 his
1101 2587 1130 2639 et
1153 2578 1269 2638 mittam
1294 2587 1323 2638 et

915 2713 1057 2792 accipiam
1081 2732 1156 2776 eum.
1201 2714 1243 2773 Et
1264 2714 1319 2774 ad-

915 2847 1127 2909 nuntisuemnt
1150 2848 1176 2907 ei
1198 2847 1300 2910 dioen-

915 2994 961 3042 tss
982 3002 1048 3043 scae
1071 2982 1101 3043 in
1124 2981 1246 3044 datham
1272 2991 1325 3044 est.

915 3119 956 3178 Et
978 3117 1058 3178 misit
1080 3118 1130 3178 illo
1154 3136 1243 3197 equos
1263 3127 1292 3177 st
1314 3137 1384 3179 cur-

915 3272 965 3314 ros
987 3263 1018 3313 et
1036 3252 1197 3313 exercitum
1220 3232 1291 3332 grii-

911 3389 987 3448 dem.
1031 3389 1072 3448 Et
1093 3398 1240 3449 uenerunt
1261 3407 1333 3449 noa-

914 3533 947 3584 tu
973 3534 1003 3582 st
1027 3523 1206 3583 circuierunt
1228 3523 1272 3583 ci-

914 3659 1038 3720 uitatem
1062 3668 1092 3718 et
1113 3658 1241 3719 surrexit

914 3795 950 3855 de
974 3793 1037 3854 luce
1060 3792 1193 3855 minister
1215 3793 1307 3854 helis-

911 3930 954 3989 ssi
978 3929 1106 3990 hominis
1127 3908 1251 4008 dipro-

912 4084 1029 4142 gressus
1053 4075 1084 4125 et
1107 4064 1182 4126 uidit
1203 4042 1338 4126 exarcitd
