3325 4959
806 438 871 501 Fui.
892 439 935 502 25
956 458 984 502 o.

788 626 836 687 rv
855 625 915 703 (11)
937 624 1011 706 sog.

528 788 567 844 ro,
586 784 692 830 es-er.

347 888 603 902 =....—---—-

1020 759 1064 844 ro,v
1088 786 1205 840 or-eo;
1226 786 1266 842 ro,
1286 784 1325 828 u.

348 959 417 1021 citu.
462 957 503 1017 Et
515 953 593 1014 dixit
603 951 646 1011 eis
658 944 804 1029 quicumq’
817 946 880 1009 sti·
925 951 1029 1031 templi
1053 960 1085 1012 ct
1106 932 1241 1031 tempuiu
1263 947 1353 1009 bshci
1376 966 1427 1028 po·

349 1104 438 1158 uetus
459 1090 549 1154 fuerit
572 1089 699 1150 uirorum
722 1102 795 1166 quos

349 1218 402 1311 ego
424 1228 510 1291 trado
532 1226 561 1287 in
585 1242 690 1283 monus
711 1228 827 1281 uestros

350 1364 450 1429 auimo
471 1362 550 1424 iliius
571 1377 624 1437 pro
645 1356 743 1418 enimc
765 1355 828 1415 cius

350 1501 417 1573 crit,
460 1499 502 1561 Et
524 1492 648 1557 intrauit
670 1492 715 1553 ieu
739 1474 791 1552 re‘x

919 1086 980 1148 suit
992 1085 1021 1147 in
1034 1083 1204 1147 sterculino.
1232 1084 1272 1145 Et
1284 1083 1442 1159 crediiicc-

921 1222 967 1284 uit
988 1222 1153 1301 tempuium
1177 1217 1267 1280 bahal
1290 1218 1326 1279 de
1354 1216 1443 1279 isreel

919 1386 948 1434 et
971 1372 1119 1454 percussit
1135 1370 1249 1451 eosqui
1271 1368 1444 1431 seruiebuut

920 1508 1009 1570 bahal
1032 1509 1118 1573 ciam
1162 1508 1204 1569 Et
1225 1503 1394 1566 abierunt'
1387 1523 1415 1564 rn

349 1635 438 1698 israel
461 1641 493 1693 et
514 1630 642 1694 ionadab
666 1627 742 1688 filius
765 1643 835 1686 rae·
919 1641 1071 1704 ciuitatem
1092 1658 1300 1721 praecursffieg
1321 1651 1373 1701 er

350 1770 456 1835 chub
449 1788 477 1831 ru
500 1766 664 1844 tempuium
689 1760 776 1822 bahal
799 1769 830 1821 et

351 1906 427 1969 dixit
449 1905 496 1966 ieu
517 1905 553 1964 ad
578 1917 679 1962 seruos
703 1894 792 1957 behel

352 2041 516 2105 scrutinatc
537 2049 569 2099 ct
589 2034 689 2097 uidete
713 2050 748 2093 ne
771 2031 811 2092 sit

351 2176 503 2241 uobiscum
538 2194 575 2236 ex
607 2172 700 2235 seruis
724 2144 793 2233 dn'r'i.

351 2322 382 2375 et
404 2312 489 2374 eicite
511 2329 612 2372 omnes
631 2328 732 2371 seruos
756 2289 815 2369 d'r'ui

351 2448 402 2532 qui
424 2446 536 2509 inuenti
558 2444 667 2507 fuerint
688 2444 717 2504 in
741 2452 819 2503 tem-

348 2585 448 2665 puium
473 2581 573 2643 bahal.
617 2579 658 2641 Et
679 2579 790 2639 iactum
815 2586 860 2638 est

345 2720 423 2781 sicut
444 2716 560 2778 iocutus
583 2726 629 2775 est
651 2713 698 2773 icu
722 2731 774 2773 rex

346 2866 465 2917 etcum
489 2869 573 2912 nemo
596 2850 700 2910 fuisset
722 2847 762 2909 ibi

347 2991 383 3050 dc
406 2989 500 3050 seruis
521 2966 582 3048 dr'ffi
605 2985 662 3046 nisi
683 2983 737 3045 soii
761 3002 826 3043 ser-

349 3124 380 3185 ui
403 3122 502 3185 bshui.
547 3122 587 3183 Et
608 3119 784 3182 introierunt

348 3270 383 3320 ut
406 3259 538 3320 fecerent
559 3255 705 3345 sacrificis
728 3265 757 3314 et
827 3311 830 3320 s

347 3392 544 3472 holocauta(!)
567 3401 597 3451 et
618 3389 696 3452 dixit
718 3409 769 3451 rex
792 3408 863 3468 prc-

348 3527 518 3590 cursoribus
538 3538 569 3587 et
592 3526 699 3614 trieris·
713 3526 762 3586 in-

349 3673 427 3724 trate
447 3671 478 3722 ct
501 3662 658 3742 percuttitc
682 3681 732 3722 eos
753 3681 807 3723 ne-

350 3818 397 3860 mo
420 3798 552 3859 sciuctur
573 3816 610 3857 ox
633 3798 685 3859 eis.
729 3798 769 3859 Et
791 3814 861 3875 per·

352 3934 444 3996 cussit
466 3952 516 3994 eos
539 3933 588 4013 qui
612 3933 750 3993 colebant
772 3931 860 3994 bahal

350 4069 447 4148 gladio
469 4079 498 4129 et
517 4069 625 4130 euertit
647 4078 765 4146 tempu·

351 4206 410 4267 lum
435 4216 464 4266 et
487 4204 575 4266 bahal
601 4213 631 4264 et
657 4204 773 4284 accepit
803 4184 882 4267 idoli
919 4206 1026 4268 throno
1047 4205 1144 4267 israel.

352 4340 444 4400 bahal
465 4349 495 4400 ct
517 4341 656 4401 contriuit
679 4360 743 4401 eum

919 1777 1057 1857 priarict(
1059 1776 1082 1854 i)
1045 1778 1222 1854 (domum
1247 1775 1336 1836 bahal
1359 1783 1391 1836 ct

923 1912 1107 1992 protulerunt
1130 1922 1242 1973 uestem
1265 1910 1354 1971 bahal

921 2057 952 2109 et
971 2048 1183 2108 succenderunt
1205 2065 1269 2107 eum
1295 2056 1323 2105 et
1346 2046 1401 2106 dc-

920 2192 1094 2243 struxerunt
1115 2181 1250 2260 ti(t)uios
1273 2181 1362 2242 bohui
1382 2153 1416 2243 'et

920 2335 972 2377 aes
994 2326 1025 2376 et
1045 2318 1162 2378 domum
1186 2314 1250 2377 eius
1270 2327 1300 2375 ct
1324 2325 1421 2377 uerte-

922 2461 990 2513 runt
1013 2461 1042 2510 et
1065 2451 1251 2530 proiecerunt
1275 2470 1338 2516 eam

921 2586 950 2646 in
974 2586 1134 2646 sterculino
1157 2596 1187 2644 et
1210 2581 1394 2646 cradificuuit

919 2720 968 2782 icu
992 2720 1081 2782 bahal
1105 2722 1142 2783 de
1163 2720 1251 2780 israel
1272 2732 1319 2781 set
1338 2736 1442 2797 apoc-

920 2856 995 2917 catis
1017 2857 1186 2917 hieroboam
1210 2856 1251 2917 fiii
1275 2855 1368 2916 nabat

920 2990 969 3070 qui
993 3010 1115 3069 peccare
1138 2992 1210 3051 iecit
1232 2990 1318 3050 israel
1342 3007 1398 3049 uon

918 3126 1055 3187 discessit
1075 3126 1122 3187 ieu
1145 3144 1198 3186 rcx
1220 3134 1266 3186 sot
1286 3123 1352 3186 abit
1374 3132 1444 3202 post

919 3280 1027 3323 uaccas
1050 3262 1166 3339 peccati
1189 3280 1265 3341 quae
1284 3270 1370 3320 erant

918 3396 948 3457 iu
969 3395 1069 3457 bethel
1090 3405 1121 3456 ct
1142 3397 1172 3457 iu
1195 3397 1263 3458 deu.
1309 3395 1350 3455 Et
1368 3391 1439 3454 dixit

919 3514 986 3592 ἀτη-ε
1005 3533 1044 3592 ad
1066 3532 1114 3594 icu
1137 3531 1207 3612 quia
1222 3508 1326 3592 *iecisti
1349 3532 1402 3590 be-

920 3686 954 3725 ne
978 3685 1075 3727 coram
1100 3686 1145 3726 me
1168 3679 1198 3726 et
1219 3666 1316 3727 iecisti
1333 3684 1442 3726 sccun-

920 3802 988 3860 dum
1015 3820 1183 3862 cormeum
1208 3811 1239 3863 ct
1260 3781 1403 3861 secundis

919 3936 1049 3998 aruinam
1074 3955 1169 3997 mecm
1194 3934 1293 3997 domui
1315 3935 1391 3993 acab

920 4072 1066 4133 sedebunt
1090 4070 1145 4132 tibi
1167 4070 1208 4132 iiii
1231 4069 1329 4151 quarti
1351 4068 1379 4128 in

1172 4240 1205 4248 -
1231 4206 1272 4265 Et
1292 4203 1399 4265 helise-

919 4361 954 4404 us
979 4341 1171 4403 infirmitatus
1191 4351 1236 4401 est
1259 4341 1382 4402 iufirmi-

352 4489 382 4534 ct
405 4474 526 4554 proiecit
549 4494 613 4535 eum
637 4476 665 4536 in
688 4455 808 4537 sinistri
894 4480 898 4558 l
921 4455 993 4537 tate·
1007 4496 1089 4539 suam
1113 4496 1201 4556 quarn
1224 4486 1357 4538 mortuus
1379 4484 1425 4536 est
