3325 4959
440 830 481 893 ta,
500 834 574 880 s-r.

245 1047 252 1062 .
276 1044 284 1063 .
307 1052 314 1065 .
336 998 462 1079 (ad)hnc
485 997 602 1060 ninaret

245 1132 392 1215 (quan)d0
415 1133 513 1194 eonsi-

245 1267 315 1329 lium
339 1266 418 1329 datis
438 1267 489 1347 qni
511 1287 576 1329 ras-

244 1402 374 1483 pondam
397 1404 506 1483 populo
529 1401 598 1464 huic

245 1548 276 1598 et
298 1537 388 1599 locuti
412 1548 481 1599 sunt
504 1536 568 1597 iden

245 1670 378 1733 ditantes
400 1670 427 1731 si
449 1670 477 1731 in
501 1670 548 1732 dis
571 1670 627 1732 hoa

245 1805 336 1867 fueris
357 1825 461 1868 seruus
482 1825 579 1885 popu-

246 1942 273 2002 lo
296 1940 365 2002 huic
387 1954 417 2001 et
438 1940 577 2002 sarnieris
675 1970 680 1975 ·

246 2076 316 2137 eis
343 2076 385 2137 Et
408 2076 525 2136 iorutns
547 2075 613 2134 tne-

247 2209 287 2271 ris
308 2212 400 2271 uerba
422 2211 501 2270 bona
524 2179 612 2270 erunt

246 2344 303 2407 tibi
324 2345 403 2406 serni
425 2343 562 2436 omnibns

246 2480 362 2543 diebus.
408 2480 447 2540 Et
470 2477 601 2539 derelin-

245 2615 309 2696 quit
334 2615 455 2676 roboam
480 2610 580 2674 consi-

247 2749 317 2811 lium
346 2724 576 2830 praesbyternffi

247 2886 322 2963 qnod
347 2884 493 2945 dederant
509 2882 543 2942 si.
587 2881 627 2941 Et

247 3018 419 3080 consulatus
441 3028 487 3077 est
510 3033 574 3077 cnm

245 3151 346 3231 pneris
369 3152 417 3232 qui
440 3149 543 3213 nutriti
568 3170 600 3209 e-

244 3294 314 3347 rant
336 3303 401 3347 curn
425 3303 459 3345 eo
483 3283 533 3365 qui
555 3285 612 3346 ad-

245 3420 368 3483 stabant
390 3430 460 3482 ante
482 3419 586 3481 faciem
610 3417 673 3479 eius

246 3565 277 3639 at
299 3554 377 3617 dixit
400 3552 444 3615 eis
467 3556 546 3635 qnod
570 3574 616 3614 ma

244 3690 397 3752 eonsilium
421 3689 501 3751 datis
523 3698 557 3750 ut

244 3824 437 3903 respondeam
461 3822 570 3903 populo

244 3956 313 4019 hnic
334 3958 383 4038 qui
406 3955 496 4019 locuti
519 3969 588 4019 sunt

244 4092 283 4153 ad
304 4109 351 4152 me
374 4092 506 4154 dieentes
529 4092 572 4153 ie-

687 488 752 552 nol.
776 486 863 553 171).

685 674 731 736 Ill
758 671 803 755 (Ι)
826 670 902 752 Reg.

987 831 1027 887 rr,
1047 830 1140 876 a-11.

826 1016 865 1058 ua
887 1016 941 1059 nos
962 1016 982 1059 a
1001 992 1129 1059 uinculis
1152 1013 1227 1075 quae

826 1132 910 1193 dadit
926 1143 1012 1212 pater
1033 1141 1101 1191 tuns
1123 1148 1175 1190 su-

827 1285 882 1347 per
901 1285 965 1329 nos.
1009 1267 1048 1328 Et
1074 1264 1166 1326 incuti
1190 1273 1259 1324 sunt

826 1404 865 1465 ad
888 1421 953 1464 eum
977 1400 1061 1479 pueri
1083 1401 1131 1478 qui
1155 1416 1213 1458 nu·

827 1538 893 1600 triti
913 1544 1000 1598 erant
1021 1552 1087 1595 aum
1111 1552 1145 1593 en

827 1671 879 1753 qui
900 1671 1065 1733 adstabant
1087 1680 1158 1729 ante

826 1806 933 1867 iaaiern
956 1806 1020 1868 sius
1041 1804 1174 1864 dicentes

827 1943 902 2003 haee
924 1938 1054 2021 loqueris
1076 1938 1113 1997 ad
1137 1955 1234 2015 popu·

744 2068 747 2075 ’
829 2077 857 2137 lo
879 2075 949 2138 hnic
971 2073 1019 2156 qni
1043 2072 1132 2134 locuti
1154 2086 1223 2133 sunt

828 2213 866 2272 ad
890 2220 921 2272 ta
944 2210 1085 2271 dixerunt
1108 2225 1165 2287 pa-

828 2355 876 2407 ter
897 2344 983 2425 tus(!)
1007 2342 1145 2422 grananit
1165 2342 1232 2400 nin-

829 2479 896 2541 nnla
917 2488 1021 2540 nostra
1043 2478 1094 2539 sed
1119 2486 1151 2537 tn

828 2614 968 2675 reieueua
989 2631 1043 2672 nos
1066 2612 1141 2671 haee
1164 2609 1212 2669 di-

829 2766 878 2809 ces
900 2747 942 2808 ais
964 2745 1097 2826 pusillita
1121 2764 1185 2805 mea

733 2950 736 2955 ,
827 2882 956 2944 crassior
977 2892 1024 2942 ast
1045 2880 1154 2941 lumbis
1270 2862 1273 2867 ¹

826 3016 922 3096 patris
945 3017 1002 3077 mei

826 3161 858 3212 et
879 3170 957 3212 nnnc
980 3160 1065 3230 patar
1088 3168 1170 3210 mens

825 3284 977 3365 inperauit
1000 3284 1086 3345 nobis
1105 3284 1135 3343 in

824 3418 941 3482 uinculo
962 3418 1046 3497 grani
1068 3428 1099 3478 et
1116 3436 1151 3478 a·

825 3571 863 3633 gn
887 3572 1011 3630 augeam
1034 3554 1153 3615 uincula

826 3697 928 3750 nestra
950 3699 1036 3766 pater
1058 3707 1138 3749 meus

827 3821 987 3902 castiganit
1008 3841 1061 3884 nos
1082 3823 1186 3899 flagel-

826 3956 876 4021 lis.
921 3957 963 4019 nt
985 3975 1038 4036 ego
1060 3959 1204 4019 emenda·

827 4092 866 4154 bn
889 4111 943 4153 nos
963 4090 992 4153 in
1016 4088 1201 4170 scorpionib'
