3325 4959
814 463 880 527 Fol.
901 465 922 525 2
943 483 970 525 a.
1027 509 1029 515 -

736 647 767 710 II
789 648 864 733 aeg.
888 650 934 728 (ΙΙ
958 648 1052 729 Sam.)

532 803 572 859 ra,
592 800 698 850 m-m.

603 901 879 911 ————

347 936 468 1029 ueniet
491 967 571 1029 exiro
594 986 647 1047 pro

313 1074 314 1080 ἵ
348 1101 509 1181 ignominia
534 1111 653 1163 maaet

348 1246 381 1299 tu
401 1236 458 1297 eris
478 1246 631 1318 tamquam
656 1258 730 1301 unus

348 1392 386 1433 ex
408 1370 616 1451 insipientibus
637 1372 684 1454 ig-

348 1506 516 1569 nominibus
538 1507 567 1567 in
590 1506 678 1569 israel
702 1518 732 1571 et

348 1659 427 1704 nnnc
449 1626 518 1723 pete
541 1660 587 1703 me
609 1663 628 1705 a
651 1661 718 1724 rege

348 1786 379 1838 et
401 1795 458 1838 non
482 1776 613 1857 prohibit
635 1797 682 1840 ms

348 1920 427 1975 ate.
472 1913 514 1973 Et
534 1912 628 1974 noluit
651 1913 792 1977 hammon

351 2047 453 2111 audire
476 2066 578 2110 uocem
602 2048 665 2109 eius
687 2056 718 2110 et

350 2181 520 2264 praeualuit
542 2201 607 2244 eam
630 2192 661 2243 ot
682 2203 750 2245 sur-

349 2318 428 2380 rexit
450 2336 626 2398 supeream
650 2327 680 2379 et
703 2318 762 2380 hu·

351 2452 479 2516 miliauit
502 2472 566 2514 enm
589 2461 619 2513 et
642 2453 772 2514 concub·

351 2588 395 2650 uit
414 2607 481 2651 cum
503 2608 568 2665 eam
592 2598 622 2649 et
644 2586 694 2650 odi

350 2723 449 2805 coepit
471 2743 541 2786 cam
563 2742 689 2785 ammom
711 2721 781 2785 odio

348 2876 464 2939 mopso
484 2854 580 2919 cabis
601 2878 698 2939 snper

347 3011 485 3055 umorem
507 3011 562 3072 qvo
583 2993 709 3056 amnuit

346 3146 417 3189 cam
440 3135 470 3187 et
493 3126 570 3188 dixit
593 3127 710 3189 thamar

346 3279 432 3341 surge
452 3270 484 3324 ct
506 3261 660 3341 congredit
683 3275 713 3325 ct

347 3394 425 3459 dixit
447 3395 497 3457 itta
518 3398 562 3459 ad
582 3398 721 3474 fratrem

347 3530 499 3610 expellens
523 3552 569 3593 me
584 3533 677 3615 sacia
698 3554 770 3597 ma·

315 3670 318 3677 '
347 3665 400 3728 ius
420 3665 523 3731 scelos
543 3689 638 3750 quum
655 3669 753 3751 prius

340 3801 453 3878 ,fecisti
474 3803 555 3866 mitt
576 3825 673 3886 usquc
695 3826 754 3887 qno

347 3937 383 3999 irs
405 3945 590 4023 extremum.
638 3940 679 4001 Et

348 4096 406 4138 non
429 4075 547 4139 audiuit
568 4095 686 4138 ammon

348 4230 449 4276 uocem
473 4210 545 4273 eins,
590 4210 630 4271 m
652 4230 708 4273 uo-

1087 811 1126 869 rs,
1146 810 1254 858 ru-so.

928 972 1008 1035 cauit
1023 994 1163 1055 puerum
1183 976 1253 1039 cius
1274 979 1329 1059 qni

928 1126 1017 1188 supsr
1038 1109 1156 1171 domum
1181 1120 1247 1173 erat
1269 1122 1301 1175 et

926 1241 1004 1305 dixit
1027 1245 1053 1307 ei
1076 1245 1201 1326 proicite
1224 1227 1261 1309 eu

928 1397 946 1438 a
969 1398 1014 1440 me
1033 1381 1114 1442 foras
1136 1389 1165 1443 et
1188 1383 1294 1445 claude
1318 1364 1419 1447 ianua

887 1539 889 1542 -
928 1508 997 1579 post
1019 1518 1094 1562 auur.
1136 1501 1176 1562 Et
1199 1502 1310 1563 uestita
1332 1512 1378 1563 cst

903 1623 1074 1696 ‘uelamen
1095 1633 1173 1698 cius.
1214 1638 1341 1699 Factum

929 1769 1012 1831 essct
1030 1776 1068 1835 nt
1089 1770 1308 1835 sentiebantur

931 1902 1059 1981 uirgines
1080 1924 1171 1985 super

931 2037 1058 2104 tunicas.
1102 2040 1142 2101 m
1161 2040 1231 2103 eicit
1255 2024 1293 2103 aa

932 2172 1068 2236 minister
1090 2174 1155 2237 eius
1177 2176 1258 2237 foras

934 2316 965 2369 ct
987 2308 1076 2371 clusit
1096 2310 1215 2371 ianuam
1239 2320 1309 2390 post
1330 2291 1366 2372 εἰ

934 2452 964 2505 et
986 2445 1093 2507 sumsit
1112 2445 1231 2507 themar
1254 2429 1361 2509 cinere

935 2587 966 2641 at
987 2580 1087 2660 posuit
1107 2599 1196 2660 super
1218 2555 1308 2662 caput
1362 2576 1379 2587 ”

934 2734 1018 2776 suum
1042 2725 1072 2775 ct
1094 2716 1202 2777 stolam
1226 2716 1354 2779 circum-

934 2850 1027 2911 latam
1049 2868 1191 2929 superse
1215 2849 1362 2913 conscidit

934 2994 963 3047 ct
983 2988 1083 3066 posuit
1106 3005 1210 3049 manus
1232 3005 1302 3047 suas

932 3139 1022 3200 super
1043 3133 1133 3203 caput
1156 3141 1240 3184 suum

931 3265 962 3317 et
983 3256 1049 3318 ibat
1069 3255 1234 3336 ingrediens
1257 3256 1389 3317 clamans

931 3400 962 3452 st
984 3391 1061 3453 dixit
1082 3392 1109 3452 ei
1132 3391 1288 3454 abessalon
1313 3390 1378 3451 fra-

930 3537 976 3589 ter
998 3526 1072 3591 eius.
1113 3526 1265 3606 Numquid
1289 3545 1357 3588 am·

929 3683 997 3726 mon
1019 3664 1112 3725 frater
1130 3680 1213 3723 meus
1235 3661 1292 3721 fuit

930 3819 997 3863 cum
1019 3807 1050 3861 tc
1074 3807 1105 3859 et
1128 3817 1206 3860 nnnc
1228 3807 1296 3859 tace

929 3938 1023 3999 frater
1047 3943 1117 3997 tuus
1140 3941 1236 3994 estet
1256 3930 1316 3994 noli

928 4069 1057 4151 cogitare
1080 4068 1110 4129 iu
1134 4068 1222 4129 corde
1246 4075 1345 4128 uestro

931 4218 965 4269 ut
986 4206 1043 4268 hoc
1066 4203 1196 4284 loqueris
