3325 4959
836 421 900 487 nor.
925 419 986 485 nb.

764 608 777 669 1
800 607 874 686 neg.
897 607 925 688 (1
946 606 1043 688 sm.)

567 765 591 823 e,
609 764 682 810 e-e.

1127 766 1151 825 e,
1170 765 1243 815 n-e.

369 864 557 872 -0-----
571 865 576 869 .
613 864 654 869 —-
668 864 890 871 --——.—--
917 863 1124 871 —————ae—.
1133 864 1359 871 .....-.-—-

359 949 410 1010 pro
433 940 580 991 tormento
603 929 711 991 donum

359 1075 389 1125 et
409 1072 480 1127 tune
502 1063 662 1127 eenieritis.
706 1064 746 1125 Et

357 1199 576 1281 propterquod
600 1198 629 1260 in
654 1218 706 1260 uos
728 1198 786 1260 erit

357 1355 393 1397 ne
415 1335 455 1396 nb
477 1334 563 1397 uobis
584 1333 680 1395 rediet
703 1352 806 1396 manns

358 1470 422 1531 niue
444 1488 464 1531 a
486 1470 579 1535 uobis.
624 1473 665 1535 Et
692 1450 790 1536 dixer't

356 1606 427 1686 qnid
449 1624 503 1685 pro
526 1616 675 1670 tormento
697 1608 757 1669 ita-

355 1788 466 1872 q'ae(!)
492 1740 547 1854 hnc
571 1793 710 1855 redamus
732 1795 759 1856 ei

356 1935 388 1987 et
409 1929 626 2007 responderunt
648 1929 696 1990 di-

356 2070 457 2123 centes
480 2066 641 2124 seeundum
667 2083 723 2127 nu-

358 2214 468 2258 merum
489 2196 634 2259 maiorum

355 2329 588 2410 alienigenarum
611 2350 686 2393 anus

355 2485 467 2547 quenas
490 2486 597 2529 aureas
619 2467 693 2530 feei·

354 2622 439 2664 arnus
461 2603 599 2684 quoniam
621 2613 755 2665 tormen·

354 2749 416 2811 tum
439 2738 510 2799 iecit
531 2757 619 2819 snper
642 2756 696 2800 nos
719 2748 750 2800 et

354 2872 502 2951 principes
527 2884 642 2933 nostros
664 2883 694 2934 et

353 3004 495 3086 populum
520 3017 568 3067 set
590 3019 620 3068 et
643 3027 739 3069 mures

351 3158 457 3201 eureos
479 3142 618 3221 aequales
642 3144 733 3205 mnri—
791 3220 795 3228 ⁸

351 3276 407 3337 bns
429 3275 479 3356 qni
501 3275 677 3356 disperdunt

351 3423 461 3472 terrem
485 3421 516 3472 et
537 3411 677 3474 similitu·

349 3545 447 3607 dinem
471 3565 580 3607 anuum
604 3558 722 3610 nestra·

349 3700 413 3743 rum
436 3681 535 3741 ieeite.
581 3682 623 3743 Er
645 3683 714 3742 dete
738 3663 807 3744 dffo

349 3816 490 3878 honorem
511 3815 584 3895 quia
606 3818 699 3877 eleuet

350 3969 468 4012 mnnnrn
491 3969 574 4013 snam
597 3950 721 4012 euobis

347 4094 379 4148 et
403 4104 423 4147 a
444 4086 500 4147 diis
521 4085 630 4148 nestris
652 4098 682 4145 et
704 4106 724 4148 a
746 4095 808 4149 ter-

324 4239 380 4283 .rn
401 4229 512 4287 neem
552 4221 710 4303 linquere
732 4240 803 4303 gre·

937 928 1017 991 uatis
1039 947 1090 990 eor
1112 941 1244 991 nestrum
1268 929 1312 991 si·

937 1071 988 1126 eut
1009 1064 1147 1142 grnnauit
1168 1074 1313 1146 aegyptus

939 1209 969 1259 et
991 1200 1075 1260 farao
1099 1218 1150 1261 eor
1170 1219 1256 1261 snum
1277 1182 1335 1262 nff-

939 1333 1004 1415 qnit
1025 1352 1083 1396 non
1105 1345 1265 1415 postquam
1286 1353 1355 1415 per·

938 1470 1031 1532 cussit
1053 1488 1105 1531 eos
1125 1452 1305 1550 dereliqueft

939 1622 990 1666 eos
1011 1613 1042 1665 et
1063 1604 1209 1668 nbiernnt.
1254 1605 1296 1667 Et
1316 1622 1373 1666 nu-

939 1807 976 1851 ne
997 1789 1105 1852 sumite
1127 1800 1158 1851 et
1180 1789 1270 1851 facite
1292 1808 1346 1851 ue·
1411 1880 1415 1889 ¹

937 1923 1067 1986 hienlnm
1090 1944 1198 1987 nonum
1223 1936 1254 1986 et
1276 1926 1334 1986 dn-

938 2078 972 2123 ae
995 2078 1101 2121 uaccae
1123 2061 1212 2139 primi
1234 2072 1339 2139 pertus

940 2196 1004 2256 eine
1026 2196 1130 2258 uituiis
1152 2196 1215 2258 nnis
1237 2194 1305 2257 iun·

937 2332 1006 2399 xite,
1022 2332 1060 2394 ad
1082 2332 1251 2395 uehiculum
1273 2339 1303 2391 et

937 2467 1070 2529 reducite
1091 2467 1167 2528 filins
1189 2485 1288 2527 eornm

936 2603 976 2663 eb
998 2601 1042 2664 eis
1064 2604 1183 2663 domum
1206 2611 1237 2662 et
1258 2598 1377 2680 ennepi-

935 2738 993 2800 etis
1015 2755 1115 2799 aream
1138 2747 1169 2797 et
1191 2736 1316 2818 inpone-

936 2873 976 2935 tis
998 2890 1063 2933 enm
1086 2873 1114 2933 in
1140 2873 1306 2936 uehiculum

936 3017 967 3069 et
989 3026 1062 3069 naen
1083 3027 1175 3070 anren
1196 3009 1311 3071 reddite

936 3141 962 3203 ni
985 3161 1038 3222 pro
1062 3152 1209 3205 tormento
1233 3155 1263 3207 et
1285 3164 1341 3223 po·
1395 3153 1398 3157 '

933 3277 995 3339 nite
1018 3278 1179 3358 praemium
1203 3280 1306 3341 herens

932 3413 971 3474 nd
994 3411 1073 3474 intus
1096 3414 1159 3477 eius
1182 3423 1211 3476 et
1234 3436 1323 3495 pree·

933 3546 1019 3609 mitte
1042 3568 1107 3610 enm
1132 3566 1161 3609 et
1183 3552 1247 3613 ibit.
1293 3552 1333 3612 Et
1353 3552 1401 3612 ui-

933 3683 1043 3745 debitis
1065 3684 1091 3745 ni
1114 3686 1191 3747 niam
1215 3685 1332 3747 orbitae

931 3837 1004 3880 suae
1026 3820 1081 3882 ibit
1104 3829 1207 3882 eontra
1229 3822 1332 3882 betse-

931 3972 1006 4037 mys.
1050 3956 1118 4035 Ipse
1141 3956 1217 4016 enirn
1239 3939 1304 4018 drns
1326 3956 1396 4018 feeit

930 4090 1014 4153 nobie
1036 4091 1115 4152 mela
1136 4090 1211 4153 haee
1234 4110 1349 4167 magna.

931 4224 971 4286 Et
991 4223 1016 4285 si
1038 4244 1095 4286 non
1119 4226 1248 4287 abierint
1269 4227 1396 4289 seientes
