3325 4959
628 1410 953 1487 Praefatio.

328 1679 363 1743 In
387 1679 505 1761 oopioso
529 1682 661 1745 oodioorn
687 1702 775 1747 mano
804 1682 981 1764 scriptorum
1017 1690 1174 1761 apparatu.
1197 1698 1255 1761 quo
1288 1680 1337 1741 in-

246 1806 359 1860 structa
384 1809 430 1858 est
450 1797 633 1861 bibliotheca
655 1800 795 1863 casarea
811 1799 906 1878 Regia
931 1799 1069 1860 Palatina
1086 1799 1337 1870 vindobonensis,

244 1916 349 1996 dignus
372 1916 491 1997 estqui
518 1931 763 1979 commemoretur
777 1920 871 1981 codex
895 1918 1007 1979 latinus
1033 1917 1284 1988 membranaceus,
1307 1916 1336 2005 in

241 2036 285 2101 52
307 2036 384 2097 foliis
407 2036 508 2117 aliqua
531 2055 567 2098 ex
589 2046 675 2117 parto
704 2037 845 2099 laceratis
866 2036 1005 2116 scriptus,
1038 2037 1079 2097 23
1108 2056 1154 2099 om
1182 2038 1272 2110 altus,
1297 2038 1336 2101 18

245 2174 290 2217 om
315 2156 401 2227 latus,
427 2167 457 2216 ot
478 2154 509 2216 in
531 2154 551 2217 6
574 2155 783 2236 quaterniones
805 2155 930 2242 divisus.
974 2156 1154 2219 possederat
1176 2175 1242 2218 enm
1266 2155 1335 2219 oiim

244 2273 375 2335 inolitum
411 2274 621 2337 monasterinm
645 2274 823 2347 Bobbienso‚
856 2273 962 2335 deinde
997 2275 1206 2336 monasterium
1230 2274 1335 2336 Sanoti

242 2392 390 2453 Jobauuia
412 2393 654 2473 Neapolitanum,
686 2412 773 2467 nuno,
795 2403 829 2455 ut
863 2390 1004 2467 diximus,
1043 2393 1253 2455 vindobonam
1288 2394 1335 2458 al·

245 2511 324 2573 latus
345 2520 400 2573 est.
444 2513 478 2573 In
496 2510 641 2591 Cataiogo
669 2511 829 2574 novissimo
852 2511 985 2573 oodioum
1009 2511 1113 2572 borum
1127 2530 1216 2574 mauu
1238 2512 1335 2591 serip-

242 2640 338 2691 torum
354 2629 627 2693 Vindobonansinm
643 2632 701 2693 voi.
720 2631 735 2691 Ι
756 2639 927 2692 recensetur
940 2631 997 2692 sub
1009 2630 1067 2691 No.
1084 2628 1132 2704 17,
1154 2628 1184 2689 in
1199 2628 1335 2708 catalogo

242 2749 400 2809 eorundem
432 2750 565 2811 codicum
589 2771 608 2811 a
630 2748 787 2830 Stephano
809 2747 992 2810 Endliohero
1019 2747 1098 2811 1836
1130 2747 1211 2808 edito
1241 2746 1299 2807 voi.
1322 2746 1336 2807 1

242 2867 376 2946 signatus
398 2879 444 2929 est
465 2867 523 2930 No.
543 2869 614 2929 321.
658 2851 800 2929 Cobtinet
822 2879 932 2939 autem,
955 2876 1033 2929 teste
1055 2865 1250 2928 Endiiobero:

329 2988 355 3047 1.
401 2987 508 3048 lncerti
522 2988 718 3062 fragmentum
731 2986 959 3066 grammaticum
982 2985 1151 3047 denomino
1174 2996 1205 3044 et
1228 3003 1337 3064 prouo-

243 3102 320 3164 mine
353 3104 418 3178 (iol.
446 3106 658 3185 ιιι-143»
692 3107 720 3169 2.
755 3089 1084 3184 Incertiiragmentum
1108 3100 1337 3180 grammaticum

143 3296 145 3300 .
242 3224 279 3282 de
313 3221 403 3282 verbo
437 3226 474 3284 ad
506 3223 649 3285 Severum
684 3222 748 3305 (soi.
790 3224 828 3284 14
848 3220 951 3283 b-16
986 3231 1016 3282 et
1049 3222 1098 3283 tot.
1133 3220 1273 3295 I-8a);
1307 3221 1337 3284 3.

245 3341 355 3435 Valerii
390 3343 480 3405 Probi
502 3345 551 3415 ¹de
589 3344 704 3405 nomine
738 3345 935 3423 fragmentum
972 3340 1034 3419 (ini.
1068 3340 1268 3417 8a-10o);
1307 3340 1337 3403 4.

241 3459 332 3519 Probi
357 3462 393 3521 do
416 3470 483 3523 octo
505 3462 647 3523 orationis
672 3461 810 3523 membris
834 3461 897 3539 (iol.
924 3458 1143 3538 lta-tub);
1167 3459 1196 3523 5.
1242 3461 1337 3536 Frag-

243 3587 370 3640 mentum
396 3580 431 3638 de
455 3580 571 3641 nomine
595 3551 658 3659 (iol.
683 3579 841 3661 49-52);
869 3575 962 3661 'atque
992 3580 1055 3643 baeo
1088 3578 1205 3659 quidem
1240 3577 1339 3637 omnia

241 3697 390 3777 scriptura
413 3698 531 3760 cursivo
560 3699 607 3759 vel
630 3700 794 3763 minuscula
818 3708 943 3761 exarata
973 3708 1052 3771 suut,
1073 3696 1191 3768 monio,
1217 3707 1250 3757 ut
1272 3696 1338 3777 opi·

128 3810 131 3818 ‘
242 3826 341 3890 natur,
364 3836 450 3879 nono.

327 3936 481 3998 Autumno
526 3936 616 4012 1884,
662 3952 751 4013 quum
794 3933 867 3996 mibi
907 3934 1098 3998 Vindobona
1140 3909 1339 3998 oommorunti

242 4053 329 4135 copia
351 4055 422 4114 data
445 4064 524 4116 esset
553 4053 639 4114 buius
661 4052 776 4113 oodiois
810 4052 1012 4125 examinandi,
1044 4054 1082 4113 ad
1108 4056 1333 4131 grammaticum

244 4173 317 4235 iilud
338 4188 555 4251 argumentum,
571 4174 647 4254 quod
671 4172 700 4234 in
716 4172 889 4254 „Analeotis
907 4169 1124 4251 grammaticis“
1149 4170 1215 4251 (pp.
1236 4172 1335 4256 127-

247 4290 323 4365 184;
345 4290 528 4372 rue-452)
541 4292 731 4353 Vindobonae
750 4290 830 4353 1837
853 4311 872 4350 a
893 4290 1026 4369 Joaepho
1048 4290 1087 4351 ab
1111 4289 1283 4351 Eichenfeld
1306 4298 1340 4349 ot

248 4410 405 4489 Stephano
421 4410 602 4473 Endiioboro
626 4410 735 4472 editum
759 4422 814 4483 est,
838 4409 909 4472 nibil
933 4409 1058 4472 attendi.
1101 4410 1162 4471 Sed
1186 4410 1214 4469 in
1245 4406 1339 4487 pluri·
