3325 4959
368 954 463 1016 hilare
488 959 519 1011 et
541 948 644 1010 dixero
667 965 725 1008 uo·

365 1090 412 1151 bis
433 1093 571 1166 peruutte
592 1082 731 1144 hammon

365 1232 397 1286 et
418 1220 544 1284 occidite
565 1238 631 1280 enm
654 1236 710 1278 nu·

364 1359 415 1420 lite
438 1357 542 1416 timere
565 1371 618 1433 ego
641 1344 719 1413 enim

363 1488 502 1573 praecepi
524 1487 609 1550 uubis
631 1507 703 1549 eun-

362 1624 513 1688 furtamini
536 1633 566 1686 et
588 1631 684 1684 estote

363 1761 420 1824 uiri
440 1762 539 1822 furtes.
583 1758 624 1819 Et
646 1757 721 1818 feee-

363 1906 431 1959 rnnt
453 1893 538 1975 pueri
563 1890 721 1953 abessalon

363 2033 500 2093 hammon
524 2028 601 2089 sieut
623 2044 712 2106 prae·

363 2164 444 2244 cepit
466 2164 510 2225 eis
531 2162 708 2224 habessalon

371 2310 401 2361 et
422 2305 654 2361 exsurrexerunt
676 2316 742 2359 om·

362 2454 415 2497 nes
437 2433 492 2495 filii
514 2433 590 2512 regis
613 2442 644 2495 et
666 2452 718 2494 as-

365 2570 527 2632 cenderunt
549 2588 641 2630 unus-

364 2706 488 2787 quisque
511 2705 540 2767 in
565 2704 674 2766 mulum
698 2684 752 2765 sna

363 2852 394 2901 et
415 2842 552 2918 fugerunt

365 2985 395 3035 et
418 2976 486 3035 dum
511 2987 611 3037 essent
634 2973 726 3035 athuu

363 3110 392 3171 in
417 3110 494 3170 uiam
518 3110 637 3171 nuntius
658 3128 712 3170 ne-

363 3244 408 3306 nit
429 3254 461 3305 at
481 3246 564 3306 dauit
586 3244 688 3306 dicens

363 3378 509 3440 mautanit
531 3380 688 3441 abessalon

363 3531 465 3574 omnes
486 3513 562 3576 filius
584 3514 662 3593 regis

362 3647 757 3710 &mmmmm

362 3782 450 3845 lictus
474 3802 557 3844 unus.
604 3783 646 3843 Et
673 3768 677 3779 ‘

366 3918 498 3980 surrexit
520 3936 572 3979 rex
595 3916 678 3978 dauit

362 4062 393 4113 at
415 4052 503 4113 scidit
524 4053 703 4113 uestimenta
799 4084 803 4088 -

362 4206 418 4247 sua
436 4197 465 4247 et
489 4186 615 4249 naeuidit
636 4186 666 4248 in
690 4195 754 4249 ter·

828 434 894 502 rol.
915 434 936 500 9
959 454 987 499 a.

759 625 790 687 11
809 624 882 704 Ba,
903 620 948 701 (11
967 569 1074 698 sam-t

946 962 1020 1003 ram.
1064 942 1107 1003 Et
1128 958 1228 1001 omnes
1251 934 1337 1017 pueri

947 1079 1011 1140 eius
1033 1076 1185 1138 sciderunt
1206 1092 1278 1134 ues-

943 1212 1069 1274 timenta
1091 1230 1146 1274 sua
1169 1218 1200 1280 et
1221 1208 1365 1270 astabunt

946 1348 982 1411 ei.
1025 1348 1066 1409 Et
1088 1344 1243 1427 respondit
1264 1341 1351 1403 iuna-

946 1483 1020 1545 theb
1043 1501 1129 1546 sarna
1148 1477 1249 1540 fratris

945 1620 1032 1682 dauit
1052 1619 1153 1680 disens
1175 1634 1233 1677 non
1253 1612 1336 1674 dieat

946 1753 1082 1816 dominus
1103 1771 1186 1813 mens
1204 1768 1258 1811 rex
1279 1763 1385 1809 omnes

945 1889 1031 1971 pueri
1052 1887 1105 1950 filii
1127 1885 1203 1965 regis
1225 1880 1317 1945 occisi

946 2017 1017 2071 snut
1038 2007 1108 2087 qnia
1129 2004 1211 2088 solus
1231 2001 1320 2062 hann-

947 2162 1014 2204 mun
1037 2141 1153 2203 ancisus
1175 2146 1223 2201 est
1243 2137 1274 2198 in
1296 2135 1342 2196 ira

946 2279 1024 2339 euim
1044 2286 1090 2338 est
1112 2286 1145 2337 at
1167 2272 1323 2336 abessalon

945 2432 965 2474 a
982 2432 1047 2494 qna
1066 2411 1118 2475 dte
1139 2404 1368 2473 humiliassent

947 2552 1071 2614 themar
1091 2566 1231 2612 emerem
1252 2543 1331 2607 etue.

946 2697 977 2747 et
999 2704 1077 2747 nuno
1098 2703 1156 2746 uon
1178 2689 1269 2760 ponat
1293 2678 1349 2738 du-

947 2822 1044 2884 minus
1067 2839 1151 2881 meus
1172 2834 1226 2877 rex
1246 2812 1343 2874 scelus

943 2957 1001 3018 hou
1022 2955 1051 3016 in
1075 2955 1163 3017 eorde
1185 2970 1238 3012 suo
1258 2948 1341 3009 diea-

946 3113 982 3155 ns
1004 3109 1106 3152 omnes
1127 3086 1171 3151 fili
1192 3084 1271 3166 regis
1293 3098 1379 3143 mur-

944 3225 989 3287 tni
1012 3235 1082 3287 sunt
1104 3223 1185 3285 solus
1207 3221 1285 3281 enim

944 3319 1084 3425 {remmon
1107 3358 1222 3422 occisus
1244 3362 1291 3415 est

946 3505 977 3558 et
996 3496 1073 3577 fugit
1094 3490 1272 3556 habessalon
1297 3496 1327 3547 et

945 3631 1060 3694 leuauit
1082 3630 1253 3710 exploratur

945 3767 1046 3830 oeulos
1069 3784 1139 3829 suos
1162 3775 1192 3824 et
1215 3754 1282 3823 ecee

945 3902 1073 3982 pupulus
1097 3899 1205 3962 multus
1226 3914 1281 3957 ue·

945 4054 1047 4116 niebat
1070 4072 1120 4133 per
1142 4052 1221 4113 uiam
1244 4026 1318 4110 eura

945 4208 982 4250 ex
1004 4199 1092 4269 purte
1115 4185 1225 4275 montis
