3325 4959
632 401 702 463 Fol.
724 402 745 465 2
767 398 796 463 b.

587 585 898 667 nmfflm)

379 741 418 800 na,
436 741 544 788 ao-ae.

192 913 224 965 et
246 905 325 967 sedit
346 906 463 968 themar
485 906 576 968 uidua

192 1038 222 1100 in
245 1041 334 1102 domo
356 1040 514 1103 abessalon
535 1041 599 1104 lra-

194 1174 248 1237 tris
270 1176 342 1239 aius.

194 1310 238 1372 Et
260 1330 313 1373 rex
334 1310 424 1374 dauid
447 1311 563 1374 audiuit
584 1330 650 1373 om-

194 1443 243 1506 nia
264 1447 358 1509 uerba
379 1446 454 1507 haee
475 1455 505 1507 et
529 1447 583 1508 de-

194 1580 257 1643 fioit
277 1581 375 1643 animo
397 1581 487 1645 ualde
509 1590 541 1643 et

196 1714 292 1777 noluit
314 1716 491 1779 oontnistare
512 1717 577 1797 spi-

196 1848 285 1913 ritum
307 1850 446 1916 hammon
468 1852 511 1915 lili
532 1852 578 1916 sui

196 1984 266 2065 qnia
287 1989 411 2049 amabat
432 1969 476 2051 eff
488 2006 560 2069 prae

198 2121 274 2183 enim
300 2130 388 2183 natus
413 2132 477 2185 erat
500 2123 527 2185 ei
549 2135 579 2185 ot

198 2275 256 2318 non
281 2258 399 2320 loontns
422 2265 465 2319 est
486 2259 578 2321 abes·

197 2391 291 2455 salom
316 2392 455 2454 hammon
479 2411 534 2455 neo

199 2528 307 2589 malum
332 2548 387 2589 noo
410 2529 518 2589 bonum

200 2669 230 2721 et
253 2664 318 2724 odio
340 2662 448 2724 habuit
469 2664 594 2726 abessa-

203 2795 251 2856 lon
273 2816 390 2859 ammon
413 2798 483 2879 quia
505 2798 562 2859 hn-

204 2927 331 2990 milianit
353 2931 470 2993 themar
492 2952 577 2995 soro-

202 3082 264 3126 rem
288 3084 380 3126 suam.

202 3200 245 3261 Et
267 3201 378 3263 iactum
404 3211 449 3263 est
471 3213 539 3281 post
558 3205 607 3266 bi·

205 3334 325 3397 ennium
350 3347 383 3398 nt
406 3338 564 3400 tonderent

202 3488 274 3530 oues
294 3472 452 3532 abessalon
475 3472 504 3532 in

132 3688 136 3694 1
204 3603 353 3666 ballassor
376 3624 451 3684 quae
475 3616 520 3667 est
542 3607 611 3667 iux-
673 3666 674 3672 ,

203 3746 235 3799 ta
257 3740 377 3802 aeirem.
410 3740 451 3801 lot
470 3741 589 3803 nooauit

203 3874 362 3934 abessalon
383 3892 485 3937 ornnes
508 3876 546 3969 li·¹

204 4006 259 4068 lios
282 4009 371 4089 regis.
417 4010 457 4070 Et
480 4012 563 4072 uenit
586 4031 622 4074 a·

207 4142 345 4203 bessalon
370 4146 527 4224 adrogent
552 4154 583 4207 et

936 747 976 804 1e,
994 745 1102 791 ao-aa.

773 908 852 971 dixit
873 908 901 970 ei

774 1061 844 1105 eone
865 1043 992 1104 tondent
1013 1062 1085 1105 ones
1106 1061 1171 1104 ser-

774 1197 811 1241 no
835 1187 898 1253 tuo,
918 1178 1022 1240 ueniat
1041 1196 1110 1259 orgo
1132 1198 1187 1241 rex

775 1323 805 1375 et
826 1312 881 1375 filii
903 1312 1027 1376 eiusad
1048 1331 1166 1378 sernum

777 1467 871 1511 sunm.
913 1448 955 1510 Et
977 1447 1054 1510 dixit
1075 1468 1129 1510 nex
1151 1448 1241 1511 abes·

776 1583 862 1646 salon
884 1582 944 1645 lilio
966 1602 1025 1645 non
1048 1602 1103 1643 ue-

777 1718 893 1782 niamus
916 1736 1070 1780 omnesne
1092 1736 1163 1798 gra-

777 1872 881 1916 nemus
903 1862 944 1917 te.
988 1854 1029 1915 Et
1050 1862 1171 1934 eogerat

780 2008 846 2051 eum
867 1988 1025 2051 abessalon
1048 1997 1080 2050 ot
1100 2008 1156 2051 no·

778 2121 832 2185 luit
856 2124 898 2184 ire
917 2132 948 2185 et
970 2123 1123 2186 benedixit

780 2277 858 2322 eum.
902 2259 944 2319 Et
965 2258 1042 2321 dixit
1063 2259 1189 2321 abessa-

782 2392 830 2455 lon
858 2392 960 2455 ueniat
981 2412 1052 2475 argo
1074 2376 1167 2457 meeis

782 2528 920 2590 hammon
944 2528 1037 2589 irater
1059 2548 1142 2591 mens

783 2671 814 2724 et
837 2662 913 2724 dixit
936 2662 962 2722 ei
984 2681 1037 2723 rex
1059 2675 1092 2725 ut
1115 2664 1186 2745 quid

760 2781 763 2785 ’
784 2809 816 2860 at
840 2807 937 2859 teontn
958 2807 989 2859 ot
1011 2798 1106 2876 coegit
1129 2818 1163 2857 e-

783 2953 832 2995 um
856 2932 1034 2995 habessalon
1058 2943 1090 2994 et
1111 2936 1170 2995 mi-

784 3068 824 3131 sit
847 3087 971 3130 onm-eo
993 3087 1110 3129 ammon

785 3212 817 3265 et
838 3222 940 3265 omnes
962 3202 1038 3264 lilios
1060 3204 1137 3281 regis

786 3347 816 3399 et
838 3339 911 3400 lenit
933 3337 1090 3400 abessalon
1113 3356 1146 3397 o-

786 3472 886 3554 polum
911 3491 1049 3551 magnum
1071 3492 1120 3534 se-

785 3609 912 3670 eundum
937 3608 1054 3688 epulum
1077 3626 1126 3668 ne-

787 3744 832 3823 gis
854 3752 885 3805 et
906 3742 1059 3823 praecepit
1081 3743 1172 3804 abes-

788 3878 871 3940 salon
895 3878 990 3939 sennis
1011 3878 1072 3939 suis
1097 3876 1144 3938 di-

788 4031 859 4074 oens
882 4013 982 4075 uidete
1003 4032 1069 4074 oum
1094 4031 1165 4074 ooe·

790 4146 868 4227 perit
890 4166 956 4208 osse
978 4167 1028 4210 oon
1049 4167 1167 4209 ammon
