3325 4959
836 448 880 509 Vl

315 630 424 693 lumnae
447 642 476 691 et
511 634 612 707 litera,
644 636 720 696 siout
753 640 782 697 in
815 636 1007 715 palimpsesto
1041 637 1159 705 adsunt,
1185 645 1326 696 aoourate
1351 653 1407 694 ex-

315 767 417 826 pressa
439 761 516 823 sunt,
539 753 593 814 nisi
628 756 704 834 quod
728 756 877 833 scriptura
909 753 1050 815 continua
1080 752 1109 813 iu
1145 755 1236 814 verba
1264 761 1407 831 separata

314 867 460 929 dissoluta
483 877 536 931 est.

398 986 583 1068 Compendia
611 989 757 1050 scribendi
779 1010 835 1051 non
871 989 963 1051 multa
993 1001 1074 1061 sunt,
1098 1009 1144 1051 ox.
1174 1009 1215 1068 gr.
1243 972 1328 1051 ds'et
1353 970 1409 1049 dns

315 1106 457 1183 prodeus
480 1118 510 1167 et
533 1108 748 1169 dominusonm
773 1108 988 1170 mutationibus
1009 1109 1105 1169 solitis
1141 1108 1169 1169 in
1203 1108 1321 1169 oasibus
1347 1109 1407 1168 nb-

315 1353 380 1403 tera
409 1345 503 1405 vocali
537 1365 590 1425 pro
614 1366 640 1405 m
662 1358 715 1407 aut
748 1367 776 1417 n,
801 1343 827 1406 b’
851 1365 902 1425 pro
936 1346 1054 1427 syllaba
1076 1348 1160 1420 -bus‚
1195 1343 1221 1426 q'
1257 1363 1310 1423 pro
1340 1362 1407 1422 que,

315 1443 393 1541 Xtis'
409 1482 461 1541 pro
484 1462 629 1525 Christus.
674 1466 824 1525 Interdum
863 1466 992 1543 spatium
1026 1484 1150 1526 i'aouum
1190 1463 1323 1523 relietum
1343 1473 1407 1531 est,

315 1591 457 1659 sequente
481 1581 566 1644 litera
590 1583 713 1656 maiore3
737 1584 766 1643 id
791 1602 843 1651 eoo
867 1584 1005 1662 apposito
1028 1593 1140 1663 puncto
1164 1582 1274 1644 notavi.

402 1698 461 1759 Ubi
485 1699 572 1761 lectio
586 1720 650 1760 mea
674 1700 774 1794 dubia.
788 1709 833 1761 est
844 1734 885 1745 -
898 1701 998 1761 multis
1009 1702 1085 1761 enim
1108 1701 1182 1781 locist
1193 1700 1341 1777 scriptura
1354 1716 1409 1776 pa·

317 1815 463 1894 limpsesti
484 1838 604 1898 prorsus
627 1821 753 1881 obscura
776 1831 820 1880 est
844 1855 882 1863 -
908 1819 1041 1880 cursivas
1064 1819 1166 1881 literas
1188 1813 1318 1897 posui.¹)

402 1936 572 1997 Translatio
593 1937 749 2015 diligenter
769 1940 804 1999 ad
828 1938 915 1999 fidem
940 1938 1084 1998 versionis
1113 1956 1216 2009 uraecoe
1235 1935 1409 2015 septuagin-

317 2053 453 2115 tavirnlis
482 2056 561 2116 lacta
597 2070 639 2115 est
675 2056 824 2136 praecipue
859 2057 887 2116 in
920 2056 1004 2116 libris
1037 2056 1152 2116 duobus
1186 2053 1347 2126 Samuelis3
1379 2052 1408 2111 in

318 2173 431 2250 Regum
457 2174 533 2234 enim
564 2174 647 2234 libris
679 2176 762 2253 plura
785 2174 905 2254 propria
924 2186 1002 2236 sunt.
1048 2175 1081 2234 ln
1114 2174 1188 2233 libro
1211 2174 1256 2234 111
1280 2171 1324 2249 (1)
1346 2171 1409 2233 Re·

318 2310 384 2365 uum
408 2291 491 2367 plura
516 2292 707 2352 inveniuntur
730 2292 945 2360 additamenta.
969 2312 1034 2371 quae
1075 2293 1104 2353 in
1134 2293 1170 2351 iis
1205 2288 1410 2351 translationis

318 2411 611 2489 septuagintaviralis
634 2412 823 2484 editionibus
846 2432 920 2491 quas
943 2411 1014 2471 mihi
1049 2412 1193 2488 inspicere
1229 2409 1321 2482 linuit,
1353 2428 1408 2469 nou

314 2538 442 2599 exstant,
478 2548 505 2591 v.
529 2549 554 2589 o.
590 2530 650 2607 (iol.
685 2529 725 2592 24
755 2530 786 2607 b)
821 2529 851 2588 in
887 2530 930 2589 111
955 2528 998 2607 (1)
1032 2528 1105 2604 Reg.
1140 2546 1206 2605 cap.
1233 2528 1270 2587 14
1294 2528 1406 2587 --ubi

222 2664 226 2670 ·
313 2646 393 2707 actio
417 2646 491 2724 regis
514 2647 670 2709 Rhoboam
695 2667 759 2708 curn
784 2648 902 2726 populo,
925 2647 1106 2707 consultatio
1129 2646 1192 2707 eins
1216 2664 1280 2704 oum
1304 2645 1404 2704 senio·

313 2766 393 2825 ribus
416 2777 445 2824 et
468 2765 632 2827 iunioribus
655 2776 685 2827 et
707 2767 955 2827 inconsideratum
982 2786 1154 2845 responsum
1187 2763 1249 2823 eius
1277 2783 1340 2840 cap.
1371 2764 1407 2823 12

314 2903 370 2943 uon
394 2884 455 2944 sine
479 2883 693 2945 variationibus
729 2885 874 2946 nonnullis
906 2885 1124 2944 reiteratur-
1150 2894 1179 2943 et
1212 2883 1274 2961 (iol.
1305 2881 1345 2941 20
1373 2880 1405 2958 a)

315 3004 342 3061 in
381 3022 446 3080 cap.
471 3001 509 3063 16
532 3001 660 3062 eiusdem
696 3002 770 3075 libri,
794 3004 843 3063 ubi
868 3014 968 3064 textus
998 3001 1202 3063 translationis
1226 3000 1319 3061 LXX
1341 3010 1407 3060 tur-

255 3090 260 3100 ·
315 3124 403 3182 batus
426 3142 491 3182 esse
515 3120 586 3181 mihi
611 3121 758 3183 videtur..
785 3122 835 3182 Sio
862 3123 890 3181 iu
920 3123 1031 3200 optimo
1062 3120 1163 3181 codiee
1188 3120 1348 3189 Vaticano,
1370 3137 1408 3177 ex

314 3259 372 3319 quo
394 3242 541 3320 pleraeque
565 3241 708 3303 editiones
730 3242 888 3312 fluxerunt,
910 3240 997 3319 primi
1022 3260 1125 3301 versus
1144 3240 1185 3300 20
1207 3236 1329 3316 capituli
1352 3239 1407 3297 de·

235 3340 237 3343 ¹
316 3360 383 3418 siuti
406 3358 504 3438 quarti
528 3359 627 3419 omissi
651 3373 728 3420 sunt.

402 3480 435 3539 ln
459 3479 631 3557 fragmentis
648 3480 713 3539 libri
732 3479 847 3559 Regum
865 3476 962 3557 quarti
977 3475 1126 3553 (secundi)
1141 3476 1286 3554 pericopae
1309 3473 1408 3552 plures

317 3596 433 3657 omissa>
455 3600 588 3669 sunt‚ita
607 3599 634 3657 iu
652 3598 700 3660 iol.
725 3596 784 3657 aba
807 3596 907 3656 omnia
929 3597 968 3655 ab
993 3596 1094 3665 10,30
1123 3594 1262 3674 usquead
1291 3592 1338 3662 13,
1356 3590 1408 3665 143

317 3717 345 3776 in
381 3716 419 3775 lol
453 3714 511 3777 aaa
536 3717 634 3777 omnia
670 3716 708 3775 ab
732 3715 779 3784 15,
802 3714 845 3776 38
866 3715 903 3773 ad
931 3714 1028 3785 17,1;
1052 3714 1178 3793 denique
1200 3712 1229 3771 in
1263 3712 1311 3770 iol.
1335 3708 1407 3771 321)

317 3836 416 3894 omnia
450 3837 488 3895 ab
518 3831 776 3917 ttgttadt'ttb.
823 3832 899 3904 Quae
912 3832 1117 3894 aberrationes
1131 3840 1228 3893 utrum
1245 3830 1312 3890 inde
1336 3839 1407 3888 ortae

316 3955 386 4025 sint,
409 3956 485 4034 quod
521 3954 732 4033 palimpsestus
755 3964 856 4015 noster
878 3971 915 4013 ex
938 3952 1038 4012 codiee
1062 3951 1179 4011 delecto
1210 3947 1408 4023 transcriptos

318 4074 367 4145 sit,
390 4091 426 4133 an
456 4092 493 4133 ex
516 4072 583 4135 aliis
606 4069 704 4133 causis
727 4073 876 4151 prolectat,
899 4071 929 4131 in
953 4070 1065 4130 incerto
1100 4067 1322 4146 relinquendum
1355 4074 1408 4124 est.

347 4342 367 4407 ¹]
388 4349 595 4410 Corriqonda:
612 4347 670 4407 Pag.
690 4346 721 4393 bb
739 4348 753 4392 2
772 4345 850 4404 legas:
870 4344 1027 4403 simitaqim'a
1050 4342 1116 4397 ndo
1140 4342 1166 4383 16
1186 4336 1405 4396 leniam-editam:

386 4448 411 4493 p,
434 4436 479 4480 lita
497 4435 512 4479 4
531 4434 577 4492 leg.
592 4436 752 4492 doroberniam
769 4445 791 4489 p.
815 4428 859 4477 lbb
879 4432 892 4474 'l
911 4428 955 4485 teg.
974 4427 1085 4484 normico.
