3325 4959
687 415 690 423 ’
713 436 778 499 Fal.
801 435 864 499 8⁸.

648 622 761 703 uueg.
784 621 813 703 (1
835 620 932 697 Sam)

429 786 469 843 14,
490 782 595 831 ra-rr.

243 954 297 1014 bat
319 952 452 1013 uerbum.
495 948 537 1010 Et
559 946 638 1009 dixit
658 944 706 1007 io·

243 1094 345 1151 natam
368 1087 406 1147 ad
429 1104 496 1147 eum
520 1082 570 1165 qui
591 1100 664 1161 por·

243 1223 330 1283 tabat
351 1239 434 1282 arma
456 1219 521 1283 eius
543 1218 671 1279 adsueu-

243 1358 279 1418 de
302 1366 368 1437 post
390 1374 437 1417 me
459 1354 598 1436 quoniam
622 1359 687 1412 tra·

242 1492 318 1554 didit
339 1472 406 1553 dms
428 1509 480 1553 eos
502 1489 531 1549 iu
555 1505 675 1548 manum

241 1626 339 1689 israel.
364 1626 423 1687 'Et
445 1622 581 1687 aseendit
602 1620 649 1682 io-

241 1762 336 1824 uatha
357 1761 387 1822 iu
411 1759 547 1821 manibus
571 1756 633 1819 suis

241 1906 272 1959 et
294 1898 324 1958 iu
346 1896 473 1975 pedibus
494 1892 557 1956 suis
580 1901 611 1954 et
633 1892 682 1973 qui

241 2030 384 2111 portabat
406 2047 489 2089 arma
510 2027 574 2089 eius
596 2035 665 2106 post

242 2184 309 2227 eum
333 2172 364 2226 et
385 2170 580 2243 respexerunt

241 2300 346 2362 faciem
369 2298 510 2361 iouathae
534 2308 565 2359 et
585 2316 657 2378 per·

241 2434 320 2498 euasi
343 2444 420 2498 suut.
464 2436 506 2497 Et
528 2433 577 2515 qui
600 2441 706 2513 porta-

241 2572 295 2633 bat
316 2588 401 2632 arma
422 2569 486 2632 eius
508 2571 610 2631 trade·
664 2577 668 2585 '

243 2706 297 2766 bat
319 2706 345 2766 ei
366 2724 385 2765 a
406 2717 485 2767 retro
507 2703 582 2765 faeie
603 2703 666 2767 eius

245 2847 275 2899 et
295 2841 375 2901 faeta
397 2852 443 2903 est
466 2842 555 2921 plaga
576 2838 687 2918 prima*

199 2942 202 2949 Ι
245 2972 305 3033 iere
328 2973 476 3036 homiuum
499 2976 566 3037 XX
589 2993 664 3055 quas

243 3106 389 3185 percussit
409 3108 533 3169 iouatha
554 3120 584 3169 et
606 3110 657 3191 qui

243 3240 385 3321 portabat
407 3260 491 3303 arma
513 3244 576 3305 eius
597 3243 626 3305 iu
713 3300 718 3309 .

243 3376 363 3458 sagittis
385 3386 417 3438 et
438 3377 467 3439 iu
489 3378 649 3441 fundibulis

243 3521 273 3572 at
295 3510 326 3572 iu
350 3510 476 3575 muuuiis
498 3512 597 3593 campi
619 3523 649 3575 et

243 3647 340 3709 iaetus
362 3655 409 3709 est
431 3646 520 3709 timor
541 3666 630 3727 gran·

244 3779 339 3843 disin
364 3783 471 3846 eastris
494 3793 525 3845 et
547 3783 575 3844 iu
599 3803 682 3845 eam·

243 3933 282 3995 po
303 3915 546 3997 alienigenarum.
588 3918 629 3979 Et

244 4049 338 4113 omnis
359 4053 487 4135 populus
509 4054 558 4135 qui
581 4052 611 4115 in

245 4186 375 4249 exercitu
398 4196 464 4250 erat
485 4188 624 4251 intimes·

987 776 1026 835 ιι,
1046 774 1144 820 ru-m

813 952 884 1006 eant
905 943 955 1025 qui
977 943 1160 1006 extermina-

812 1080 888 1141 bant
908 1077 1007 1141 israel.
1050 1059 1206 1158 Expaua-r't

814 1213 885 1294 quia
907 1205 1062 1279 intremuit
1082 1223 1171 1274 tarra.
1214 1212 1255 1273 Et

813 1348 910 1414 iaetus
933 1358 980 1411 eat
1002 1349 1090 1413 timor
1111 1368 1130 1409 a
1151 1328 1230 1412 duTo.

814 1492 846 1545 et
866 1495 1061 1564 respexerunt
1083 1487 1190 1564 explo-

813 1628 929 1683 ratores
951 1622 1017 1684 aaul
1039 1620 1070 1681 iu
1092 1622 1167 1683 colle
1190 1624 1246 1685 be-

813 1753 925 1816 uiamiu
947 1765 977 1816 et
999 1756 1139 1818 uiderunt

814 1900 914 1951 eastra
935 1890 1115 1953 conturbata
1137 1889 1205 1954 hinc

814 2027 905 2105 atque
927 2025 1005 2089 hine.
1048 2028 1089 2089 m
1110 2026 1188 2089 dixit
1209 2028 1274 2090 saul

813 2160 923 2239 populo
942 2161 993 2241 qui
1015 2170 1081 2224 erat
1102 2181 1168 2224 eum
1191 2181 1226 2225 eo

813 2294 953 2374 respicite
976 2306 1007 2359 et
1028 2296 1129 2359 uidete
1151 2298 1218 2379 quia

813 2430 922 2493 abierit
943 2451 982 2492 ex
1003 2432 1088 2495 nebia
1109 2442 1143 2494 at
1163 2432 1240 2495 alie-

749 2586 751 2591 ·
814 2566 936 2646 uigeuaa
959 2574 990 2627 et
1011 2566 1204 2648 inspexerunt

803 2709 846 2761 'et
868 2720 926 2762 uuu
945 2700 1153 2763 inueniebatur
1229 2718 1235 2731 ·

814 2835 957 2897 iuuathau
979 2845 1010 2898 et
1031 2838 1082 2919 qui
1104 2839 1246 2917 portabat
1309 2803 1312 2816 1

814 2989 899 3033 arma
921 2970 984 3033 eius
1006 2984 1036 3033 et
1059 2973 1136 3046 dixit
1157 2974 1222 3037 saul

814 3101 848 3167 at
869 3106 986 3169 achiam
1009 3110 1093 3171 adfer
1115 3109 1202 3173 effud.
1245 3110 1299 3190 Ip-

814 3260 846 3302 se
869 3241 946 3305 euim
969 3244 1085 3305 ierebat
1107 3242 1185 3307 effud

813 3376 879 3438 saul
900 3376 957 3440 hoc
978 3375 1026 3439 die
1048 3372 1122 3440 ante
1140 3380 1280 3459 populum

813 3513 912 3575 israel.
956 3513 998 3574 Et
1018 3513 1088 3575 dum
1112 3512 1240 3594 loquitur

814 3647 880 3710 saul
902 3648 941 3708 ad
963 3649 1147 3711 sacerdotem
1169 3651 1235 3712 iaa-

815 3793 864 3846 tua
886 3791 932 3844 ost
953 3802 1043 3845 aeuus
1065 3796 1095 3845 et
1118 3786 1229 3847 clamor

814 3918 846 3981 iu
868 3919 977 3982 castris
997 3918 1179 3996 alienigena-

816 4073 880 4117 rum
904 4064 934 4115 et
956 4054 1097 4116 tendebat
1118 4074 1211 4136 usque

815 4188 855 4251 ad
878 4188 991 4250 caelum
1013 4199 1044 4250 et
1065 4189 1252 4253 increscebat

1136 4425 1169 4477 ’ὖ
