3325 4959
757 392 759 400 '
832 420 909 481 vm

406 608 480 669 Haec
501 608 668 685 fragmenta
692 606 784 669 latina
807 587 948 669 librorum
963 606 1112 669 Samuelis
1136 616 1166 664 et
1190 603 1303 680 Regum
1319 613 1412 663 ante-

319 722 545 804 hieronymiana
567 744 644 785 nuno
667 725 794 804 primurn
816 719 898 786 edita
920 743 1005 802 spero
1028 723 1139 803 aliquid
1163 724 1295 783 conferre
1328 741 1413 801 posse

322 854 383 903 tam
406 844 443 903 ad
468 851 579 904 textum
604 844 807 906 translationis
828 844 920 905 Lxx
954 842 1168 923 inquirendum,
1193 860 1281 921 quam
1305 843 1342 901 ad
1366 841 1418 900 hi-v

318 960 444 1021 storiam
468 961 696 1023 translationum
722 962 883 1025 Bibliorum
908 980 1057 1023 sacrorum
1082 970 1111 1019 et
1136 962 1266 1034 lingnam
1291 960 1412 1021 latinam

321 1078 461 1140 rusticam
484 1080 726 1157 cognoscendam.

387 1197 523 1283 Restat,
546 1208 578 1258 ut
601 1198 637 1257 de
660 1198 776 1275 egregia
797 1196 1005 1259 benevolentia
1029 1198 1231 1257 testimonium
1255 1199 1350 1266 edam,
1384 1208 1414 1255 et

319 1335 340 1376 a
358 1315 495 1377 celeberr.
512 1316 633 1377 doctore
650 1318 776 1379 Ernesto
790 1318 826 1377 de
842 1317 922 1391 Birk,
936 1316 1054 1396 Equite,
1069 1316 1212 1377 Praelecto
1227 1314 1414 1375 bibliothecae

318 1434 468 1497 Oaesareae
480 1434 580 1511 Regia
597 1435 743 1512 Palatina
761 1435 1011 1505 vindobonensis,
1035 1445 1065 1494 et
1086 1454 1106 1494 a
1128 1435 1268 1495 celeberr.
1293 1434 1413 1493 doctore

324 1552 447 1614 Allredo
470 1552 590 1615 Gtildlin
615 1554 650 1613 da
673 1552 827 1623 Tielenau‚
852 1552 1003 1648 scriptore
1024 1554 1152 1613 eiusdem
1170 1550 1367 1621 bibliotheca,
1385 1562 1415 1609 et

318 1690 340 1731 a
362 1670 468 1731 ceteris
492 1668 573 1742 viris,
591 1687 714 1749 quornm
737 1669 778 1730 ibi
806 1669 1000 1732 ministerium
1025 1678 1079 1743 est,
1102 1670 1130 1729 in
1155 1688 1201 1729 me
1218 1668 1414 1748 collata‚quae

318 1799 464 1869 quantum
490 1786 560 1848 mihi
583 1789 620 1848 ad
645 1789 795 1868 hocopus
825 1788 1038 1867 perficiendum
1071 1789 1206 1851 attulerit
1240 1787 1413 1866 adjumenti,

322 1905 421 1969 verbis
445 1907 540 1987 eloqui
566 1926 622 1967 non
641 1927 768 1986 possum.
816 1908 880 1969 Hos
893 1907 984 1986 igitur
1006 1926 1108 1968 omnes
1123 1918 1242 1977 rogatos
1265 1905 1339 1976 volo,
1361 1924 1414 1965 an-

318 2026 436 2106 cipiant
457 2026 601 2087 sinceram
626 2027 784 2105 gratissimi
807 2026 899 2087 animi
924 2028 980 2087 mei
1003 2026 1241 2087 affirmationem.

361 2344 552 2409 Christiania
576 2349 602 2408 d.
627 2348 661 2407 21
691 2348 799 2409 mensis
823 2346 950 2408 ianuarii
970 2348 1038 2407 anni
1064 2344 1372 2409 MDCCOLXXXV.

1041 2554 1070 2597 J.
1101 2554 1310 2601 Belshelm.
