3325 4959
610 610 641 671 11
656 608 730 688 Reg.
754 604 795 691 (ΙΙ
818 605 916 687 Sam.)

409 768 448 825 10,
469 767 575 814 1a-ra.

222 868 477 881 ..---——-—-—

223 938 286 1001 eius
308 954 403 1017 syrus.
447 934 486 995 Et
508 931 549 993 fili
571 950 638 992 am·

224 1090 291 1137 mon
314 1072 452 1134 uiderunt
470 1065 578 1149 quoni·

222 1228 271 1271 arn
293 1208 370 1289 fugit
390 1224 476 1287 syrus
499 1213 529 1265 et
550 1202 635 1283 fuge-

222 1354 290 1405 runt
312 1362 330 1404 a
353 1341 429 1403 faeie
451 1313 613 1401 abessa-at

152 1438 156 1445 ¹
222 1478 409 1540 intrauerunt
430 1476 459 1537 in
483 1474 592 1536 ciuita-

221 1622 280 1675 tem
304 1622 335 1675 et
358 1631 493 1674 reuersus
516 1617 562 1672 est

221 1750 290 1811 ioab
314 1768 333 1811 a
354 1747 422 1810 filiis
443 1765 560 1809 ammon
583 1745 613 1805 in

223 1884 402 1947 hierusalem
428 1892 457 1943 et
480 1863 588 1943 uider't'

221 2019 264 2082 fiti
286 2036 403 2081 ammon
427 2015 564 2098 quoniam

223 2172 311 2237 syrus
334 2161 500 2232 prostratus
522 2159 569 2211 est

222 2291 252 2351 in
276 2298 466 2368 conspectum
489 2285 587 2347 iarael.

220 2428 260 2489 Et
283 2433 485 2487 conuenerunt
507 2422 536 2482 in

893 767 932 826 ιο,
952 768 1063 831 18-1a;
1084 773 1122 832 ιι,
1143 777 1215 824 1-2.
1241 739 1244 744 ¹

793 929 844 993 ino
867 940 898 992 et
919 933 995 1014 fugit
1016 953 1103 1016 syrus
1124 958 1144 1001 a
1165 940 1213 1003 fa·

794 1063 869 1127 aiem
893 1066 976 1129 dauit
999 1077 1030 1131 at
1051 1072 1158 1135 occidit

734 1254 737 1261 .
794 1199 880 1263 dauit
901 1202 938 1262 da
960 1205 1088 1286 syrua(!)
1110 1208 1263 1292 septinge-

794 1344 841 1397 tos
862 1338 977 1417 equites
999 1349 1030 1401 et
1050 1342 1111 1404 XL
1134 1346 1215 1407 milia

793 1472 935 1552 peditum.
979 1475 1021 1536 Et
1042 1478 1134 1539 sobae
1157 1464 1251 1544 duee-

794 1606 940 1669 axeraitus
963 1608 1026 1671 eiua
1048 1614 1210 1698 mortuit(!)

724 1727 727 1735 ’
794 1748 824 1801 at
847 1751 979 1805 mortuus
1001 1754 1048 1807 est
1069 1747 1119 1810 ibi.
1164 1751 1206 1812 Et
1226 1752 1274 1814 ui-

794 1876 901 1938 derunt
923 1897 1025 1941 omnes
1048 1901 1133 1961 reges

793 2008 845 2090 qui
865 2025 1065 2077 conuenerunt
1088 2036 1155 2080 cum

794 2147 922 2209 adrazar
953 2129 1012 2231 qua
1038 2135 1173 2216 occider?

793 2278 822 2339 in
846 2293 1035 2363 conspectum
1060 2288 1147 2350 israel

768 2400 771 2501 t
793 2423 823 2475 et
846 2416 1055 2497 disposuerunt
1077 2433 1139 2485 tes-

220 2581 319 2625 unum.
363 2560 405 2622 Et
427 2558 509 2621 misit
530 2560 568 2619 ad
591 2562 648 2622 ad·
767 2508 955 2627 ltamentum
977 2575 1043 2618 aum
1066 2557 1164 2621 israel.

222 2714 306 2757 razar
328 2706 358 2757 et
380 2694 482 2757 eduxit
504 2677 605 2777 syr-11⁸⁴

223 2829 273 2910 qui
296 2838 380 2891 arant
403 2840 486 2893 trans
508 2830 615 2893 flumen
691 2864 695 2872 ·

223 2964 359 3025 ahalama
381 2975 411 3025 at
431 2966 521 3027 sabae
542 2968 603 3028 dux

221 3099 371 3169 exercitus
392 3099 515 3162 adrazar
539 3120 572 3161 e-

220 3243 269 3296 rat
291 3243 361 3296 ante
384 3253 443 3296 eos.
486 3236 527 3297 Et
550 3236 671 3299 nuntia-

215 3378 279 3432 tum
306 3378 354 3431 est
377 3368 472 3431 dauit.
516 3372 557 3433 Et
578 3389 651 3434 aon-

213 3504 348 3584 gregauit
371 3523 487 3566 omnem
512 3506 554 3567 is-

164 3676 174 3683 *
215 3641 287 3705 raet.
330 3642 371 3703 Et
394 3640 534 3703 transiuit
556 3640 616 3702 ior·
647 3688 651 3695 .

214 3776 340 3839 dannan.
385 3778 426 3839 Et
449 3776 530 3838 uenit
552 3776 625 3839 cha-

213 3911 301 3973 lama.
346 3913 386 3975 Et
409 3912 565 3993 conposuit
587 3932 622 3973 a·

214 4044 289 4108 aiem
312 4065 397 4129 syrus
421 4029 561 4110 aduersas

163 4169 166 4176 ’
214 4180 305 4243 dauit.
350 4182 391 4243 Et
412 4182 557 4263 pugnauit
580 4171 622 4256 οἷ,

792 2694 824 2748 et
846 2690 1013 2751 retuderunt
1035 2691 1134 2754 israeli

793 2821 898 2887 tribus.
942 2826 982 2887 Et
1003 2826 1167 2891 timuerunt
1188 2849 1241 2912 sy-

792 2958 965 3023 rifliberara
987 2963 1062 3025 filios
1085 2984 1211 3027 ammon.

792 3096 833 3157 Et
854 3095 966 3159 factum
990 3109 1034 3159 eat
1055 3100 1084 3162 in
1107 3103 1235 3163 uertenti

791 3250 869 3293 anno
892 3233 921 3295 in
945 3242 1077 3315 tempore
1100 3255 1170 3315 pro-

791 3367 927 3429 fectionis
949 3387 1048 3447 regum
1071 3382 1101 3432 et
1123 3374 1179 3433 mi-

790 3502 830 3563 sit
853 3503 936 3565 dauit
957 3504 1026 3568 ioab
1049 3516 1078 3567 et
1100 3527 1207 3588 pueros

790 3637 853 3700 eius
876 3650 907 3701 et
927 3659 1042 3703 omnam
1067 3642 1155 3705 israel

790 3794 856 3838 eum
880 3795 914 3838 eo
938 3787 968 3838 et
990 3777 1190 3839 interruerunt

788 3910 864 3973 filios
885 3931 1012 3975 ammon.
1055 3914 1098 3976 Et
1120 3912 1202 3974 obsi-

787 4048 894 4110 derunt
916 4049 1020 4112 rabba.
1065 4049 1104 4111 Et
1127 4049 1183 4110 da-

786 4178 832 4246 uit
853 4182 1014 4245 habitabat
1035 4183 1063 4244 in
1087 4182 1246 4247 hierusala.
