<?xml version="1.0" encoding="UTF-8"?>
<!DOCTYPE html PUBLIC "-//W3C//DTD XHTML 1.0 Transitional//EN"
    "http://www.w3.org/TR/xhtml1/DTD/xhtml1-transitional.dtd">
<html xmlns="http://www.w3.org/1999/xhtml" xml:lang="en" lang="en">
 <head>
  <title>
</title>
<meta http-equiv="Content-Type" content="text/html;charset=utf-8" />
  <meta name='ocr-system' content='tesseract 3.04.00' />
  <meta name='ocr-capabilities' content='ocr_page ocr_carea ocr_par ocr_line ocrx_word'/>
</head>
<body>
  <div class='ocr_page' id='page_1' title='image "./palimpsestusvin00belsgoog_0053.png"; bbox 0 0 3325 4959; ppageno 0'>
   <div class='ocr_carea' id='block_1_1' title="bbox 387 790 639 852">
    <p class='ocr_par' dir='ltr' id='par_1_1' title="bbox 387 790 639 852">
     <span class='ocr_line' id='line_1_1' title="bbox 387 790 639 852; baseline -0.016 -14"><span class='ocrx_word' id='word_1_1' title='bbox 387 794 425 852; x_wconf 81' lang='lat'><strong>1⁵,</strong></span> <span class='ocrx_word' id='word_1_2' title='bbox 443 794 487 847; x_wconf 78' lang='lat' dir='ltr'><strong>ss;</strong></span> <span class='ocrx_word' id='word_1_3' title='bbox 509 790 547 847; x_wconf 73' lang='grc' dir='ltr'><strong>ιε,</strong></span> <span class='ocrx_word' id='word_1_4' title='bbox 570 790 639 837; x_wconf 79' lang='lat'>1-5.</span> 
     </span>
    </p>
   </div>
   <div class='ocr_carea' id='block_1_2' title="bbox 456 891 524 899">
    <p class='ocr_par' dir='ltr' id='par_1_2' title="bbox 456 891 524 899">
     <span class='ocr_line' id='line_1_2' title="bbox 456 891 524 899; baseline -0.029 0"><span class='ocrx_word' id='word_1_5' title='bbox 456 891 524 899; x_wconf 82' lang='lat'><strong>——-</strong></span> 
     </span>
    </p>
   </div>
   <div class='ocr_carea' id='block_1_3' title="bbox 245 956 685 3595">
    <p class='ocr_par' dir='ltr' id='par_1_3' title="bbox 245 956 685 2783">
     <span class='ocr_line' id='line_1_3' title="bbox 250 956 634 1021; baseline -0.016 0"><span class='ocrx_word' id='word_1_6' title='bbox 250 959 292 1021; x_wconf 80' lang='lat' dir='ltr'><strong>cit</strong></span> <span class='ocrx_word' id='word_1_7' title='bbox 314 957 413 1021; x_wconf 84' lang='lat' dir='ltr'><strong>israel.</strong></span> <span class='ocrx_word' id='word_1_8' title='bbox 459 956 500 1017; x_wconf 80' lang='lat' dir='ltr'><strong>Et</strong></span> <span class='ocrx_word' id='word_1_9' title='bbox 520 956 634 1017; x_wconf 78' lang='lat' dir='ltr'><strong>tactum</strong></span> 
     </span>
     <span class='ocr_line' id='line_1_4' title="bbox 249 1071 666 1156; baseline -0.014 -1"><span class='ocrx_word' id='word_1_10' title='bbox 249 1102 296 1156; x_wconf 88' lang='lat' dir='ltr'><strong>est</strong></span> <span class='ocrx_word' id='word_1_11' title='bbox 318 1094 440 1155; x_wconf 86' lang='lat' dir='ltr'>uerbum</span> <span class='ocrx_word' id='word_1_12' title='bbox 465 1071 528 1151; x_wconf 62' lang='lat' dir='ltr'><strong>disi</strong></span> <span class='ocrx_word' id='word_1_13' title='bbox 548 1089 586 1150; x_wconf 86' lang='lat' dir='ltr'><strong>sd</strong></span> <span class='ocrx_word' id='word_1_14' title='bbox 610 1090 666 1150; x_wconf 83' lang='lat' dir='ltr'><strong>bs-</strong></span> 
     </span>
     <span class='ocr_line' id='line_1_5' title="bbox 248 1224 657 1305; baseline -0.01 -15"><span class='ocrx_word' id='word_1_15' title='bbox 248 1228 293 1290; x_wconf 87' lang='lat' dir='ltr'><strong>ssi</strong></span> <span class='ocrx_word' id='word_1_16' title='bbox 316 1228 415 1289; x_wconf 81' lang='lat' dir='ltr'><strong>dicens</strong></span> <span class='ocrx_word' id='word_1_17' title='bbox 436 1234 558 1305; x_wconf 82' lang='lat' dir='ltr'><strong>propter</strong></span> <span class='ocrx_word' id='word_1_18' title='bbox 580 1224 657 1305; x_wconf 86' lang='lat' dir='ltr'>quod</span> 
     </span>
     <span class='ocr_line' id='line_1_6' title="bbox 250 1360 578 1427; baseline -0.018 -3"><span class='ocrx_word' id='word_1_19' title='bbox 250 1360 578 1427; x_wconf 49' lang='lat' dir='ltr'><strong>wmoewm</strong></span> 
     </span>
     <span class='ocr_line' id='line_1_7' title="bbox 248 1492 648 1573; baseline -0.01 -15"><span class='ocrx_word' id='word_1_20' title='bbox 248 1516 311 1558; x_wconf 87' lang='lat' dir='ltr'><strong>ram</strong></span> <span class='ocrx_word' id='word_1_21' title='bbox 338 1506 369 1556; x_wconf 83' lang='lat' dir='ltr'><strong>et</strong></span> <span class='ocrx_word' id='word_1_22' title='bbox 391 1494 459 1556; x_wconf 84' lang='lat' dir='ltr'><strong>dedi</strong></span> <span class='ocrx_word' id='word_1_23' title='bbox 482 1502 513 1556; x_wconf 83' lang='lat' dir='ltr'><strong>te</strong></span> <span class='ocrx_word' id='word_1_24' title='bbox 535 1492 648 1573; x_wconf 83' lang='lat' dir='ltr'><strong>prinsi-</strong></span> 
     </span>
     <span class='ocr_line' id='line_1_8' title="bbox 248 1630 591 1710; baseline -0.003 -20"><span class='ocrx_word' id='word_1_25' title='bbox 248 1649 315 1710; x_wconf 87' lang='lat' dir='ltr'><strong>pem</strong></span> <span class='ocrx_word' id='word_1_26' title='bbox 339 1648 429 1709; x_wconf 84' lang='lat' dir='ltr'><strong>super</strong></span> <span class='ocrx_word' id='word_1_27' title='bbox 450 1630 591 1708; x_wconf 87' lang='lat' dir='ltr'>populum</span> 
     </span>
     <span class='ocr_line' id='line_1_9' title="bbox 247 1724 662 1827; baseline -0.007 -1"><span class='ocrx_word' id='word_1_28' title='bbox 247 1724 345 1827; x_wconf 18' lang='lat' dir='ltr'><strong>&#39;meum</strong></span> <span class='ocrx_word' id='word_1_29' title='bbox 372 1762 470 1826; x_wconf 77' lang='lat' dir='ltr'><strong>israel.</strong></span> <span class='ocrx_word' id='word_1_30' title='bbox 515 1766 556 1825; x_wconf 81' lang='lat' dir='ltr'><strong>Et</strong></span> <span class='ocrx_word' id='word_1_31' title='bbox 579 1762 662 1824; x_wconf 88' lang='lat' dir='ltr'><strong>tuin</strong></span> 
     </span>
     <span class='ocr_line' id='line_1_10' title="bbox 249 1896 685 1979; baseline -0.002 -20"><span class='ocrx_word' id='word_1_32' title='bbox 249 1896 330 1961; x_wconf 88' lang='lat' dir='ltr'><strong>uiam</strong></span> <span class='ocrx_word' id='word_1_33' title='bbox 355 1898 524 1979; x_wconf 79' lang='lat' dir='ltr'><strong>hieroboam</strong></span> <span class='ocrx_word' id='word_1_34' title='bbox 548 1896 685 1977; x_wconf 75' lang='lat' dir='ltr'><strong>proficis·</strong></span> 
     </span>
     <span class='ocr_line' id='line_1_11' title="bbox 247 2032 623 2112; baseline -0.005 -18"><span class='ocrx_word' id='word_1_35' title='bbox 247 2051 316 2094; x_wconf 81' lang='lat' dir='ltr'><strong>aens</strong></span> <span class='ocrx_word' id='word_1_36' title='bbox 339 2043 368 2092; x_wconf 84' lang='lat' dir='ltr'><strong>et</strong></span> <span class='ocrx_word' id='word_1_37' title='bbox 383 2032 461 2094; x_wconf 62' lang='lat' dir='ltr'><strong>‘tecit</strong></span> <span class='ocrx_word' id='word_1_38' title='bbox 483 2032 623 2112; x_wconf 85' lang='lat' dir='ltr'>populum</span> 
     </span>
     <span class='ocr_line' id='line_1_12' title="bbox 247 2166 606 2232; baseline 0 -5"><span class='ocrx_word' id='word_1_39' title='bbox 247 2185 346 2232; x_wconf 83' lang='lat' dir='ltr'>meum</span> <span class='ocrx_word' id='word_1_40' title='bbox 368 2166 455 2228; x_wconf 84' lang='lat' dir='ltr'><strong>israel</strong></span> <span class='ocrx_word' id='word_1_41' title='bbox 478 2177 508 2227; x_wconf 86' lang='lat' dir='ltr'><strong>et</strong></span> <span class='ocrx_word' id='word_1_42' title='bbox 531 2166 606 2228; x_wconf 88' lang='lat' dir='ltr'>inri-</span> 
     </span>
     <span class='ocr_line' id='line_1_13' title="bbox 246 2302 616 2380; baseline 0.005 -18"><span class='ocrx_word' id='word_1_43' title='bbox 246 2311 327 2363; x_wconf 84' lang='lat' dir='ltr'><strong>tares</strong></span> <span class='ocrx_word' id='word_1_44' title='bbox 351 2321 395 2362; x_wconf 78' lang='lat' dir='ltr'><strong>ms</strong></span> <span class='ocrx_word' id='word_1_45' title='bbox 419 2302 448 2364; x_wconf 85' lang='lat' dir='ltr'><strong>in</strong></span> <span class='ocrx_word' id='word_1_46' title='bbox 471 2320 616 2380; x_wconf 86' lang='lat' dir='ltr'><strong>superua-</strong></span> 
     </span>
     <span class='ocr_line' id='line_1_14' title="bbox 245 2433 596 2517; baseline -0.003 -20"><span class='ocrx_word' id='word_1_47' title='bbox 245 2433 308 2497; x_wconf 83' lang='lat' dir='ltr'><strong>cuis</strong></span> <span class='ocrx_word' id='word_1_48' title='bbox 330 2454 429 2497; x_wconf 85' lang='lat' dir='ltr'><strong>eorum</strong></span> <span class='ocrx_word' id='word_1_49' title='bbox 453 2455 520 2497; x_wconf 83' lang='lat' dir='ltr'><strong>soce</strong></span> <span class='ocrx_word' id='word_1_50' title='bbox 543 2455 596 2517; x_wconf 82' lang='lat' dir='ltr'><strong>ego</strong></span> 
     </span>
     <span class='ocr_line' id='line_1_15' title="bbox 246 2568 595 2651; baseline 0.006 -22"><span class='ocrx_word' id='word_1_51' title='bbox 246 2568 398 2631; x_wconf 81' lang='lat' dir='ltr'>suscitabo</span> <span class='ocrx_word' id='word_1_52' title='bbox 420 2580 489 2651; x_wconf 80' lang='lat' dir='ltr'><strong>post</strong></span> <span class='ocrx_word' id='word_1_53' title='bbox 511 2570 595 2633; x_wconf 85' lang='lat' dir='ltr'><strong>basai</strong></span> 
     </span>
     <span class='ocr_line' id='line_1_16' title="bbox 248 2705 597 2783; baseline 0.011 -20"><span class='ocrx_word' id='word_1_54' title='bbox 248 2713 368 2783; x_wconf 83' lang='lat' dir='ltr'><strong>etpost</strong></span> <span class='ocrx_word' id='word_1_55' title='bbox 391 2705 509 2766; x_wconf 87' lang='lat' dir='ltr'><strong>domum</strong></span> <span class='ocrx_word' id='word_1_56' title='bbox 534 2706 597 2767; x_wconf 83' lang='lat' dir='ltr'><strong>sius</strong></span> 
     </span>
    </p>

    <p class='ocr_par' dir='ltr' id='par_1_4' title="bbox 246 2840 681 3595">
     <span class='ocr_line' id='line_1_17' title="bbox 249 2840 608 2904; baseline 0.014 -6"><span class='ocrx_word' id='word_1_57' title='bbox 249 2846 280 2900; x_wconf 87' lang='lat' dir='ltr'><strong>et</strong></span> <span class='ocrx_word' id='word_1_58' title='bbox 301 2840 379 2901; x_wconf 84' lang='lat' dir='ltr'><strong>dabo</strong></span> <span class='ocrx_word' id='word_1_59' title='bbox 401 2842 519 2903; x_wconf 85' lang='lat' dir='ltr'><strong>domum</strong></span> <span class='ocrx_word' id='word_1_60' title='bbox 544 2842 608 2904; x_wconf 83' lang='lat' dir='ltr'><strong>eius</strong></span> 
     </span>
     <span class='ocr_line' id='line_1_18' title="bbox 248 2955 626 3039; baseline 0.011 -6"><span class='ocrx_word' id='word_1_61' title='bbox 248 2971 325 3035; x_wconf 82' lang='lat' dir='ltr'><strong>sieut</strong></span> <span class='ocrx_word' id='word_1_62' title='bbox 353 2976 470 3038; x_wconf 88' lang='lat' dir='ltr'><strong>domum</strong></span> <span class='ocrx_word' id='word_1_63' title='bbox 499 2955 626 3039; x_wconf 64' lang='lat' dir='ltr'><strong>hieroba&#39;</strong></span> 
     </span>
     <span class='ocr_line' id='line_1_19' title="bbox 246 3107 681 3192; baseline 0.009 -23"><span class='ocrx_word' id='word_1_64' title='bbox 246 3107 290 3169; x_wconf 90' lang='lat' dir='ltr'><strong>fili</strong></span> <span class='ocrx_word' id='word_1_65' title='bbox 313 3111 421 3173; x_wconf 85' lang='lat' dir='ltr'><strong>nadab.</strong></span> <span class='ocrx_word' id='word_1_66' title='bbox 465 3112 506 3173; x_wconf 82' lang='lat' dir='ltr'><strong>Et</strong></span> <span class='ocrx_word' id='word_1_67' title='bbox 529 3110 579 3192; x_wconf 90' lang='lat' dir='ltr'><strong>qui</strong></span> <span class='ocrx_word' id='word_1_68' title='bbox 601 3130 681 3173; x_wconf 88' lang='lat' dir='ltr'><strong>mor-</strong></span> 
     </span>
     <span class='ocr_line' id='line_1_20' title="bbox 248 3245 675 3309; baseline -0.005 0"><span class='ocrx_word' id='word_1_69' title='bbox 248 3258 317 3309; x_wconf 89' lang='lat' dir='ltr'><strong>tuus</strong></span> <span class='ocrx_word' id='word_1_70' title='bbox 339 3247 428 3309; x_wconf 81' lang='lat' dir='ltr'><strong>fuerit</strong></span> <span class='ocrx_word' id='word_1_71' title='bbox 451 3247 574 3309; x_wconf 82' lang='lat' dir='ltr'><strong>bassin</strong></span> <span class='ocrx_word' id='word_1_72' title='bbox 599 3245 675 3309; x_wconf 88' lang='lat' dir='ltr'>ciui-</span> 
     </span>
     <span class='ocr_line' id='line_1_21' title="bbox 248 3360 578 3445; baseline -0.009 0"><span class='ocrx_word' id='word_1_73' title='bbox 248 3391 342 3445; x_wconf 81' lang='lat' dir='ltr'><strong>tatem</strong></span> <span class='ocrx_word' id='word_1_74' title='bbox 365 3382 519 3443; x_wconf 80' lang='lat' dir='ltr'><strong>comedent</strong></span> <span class='ocrx_word' id='word_1_75' title='bbox 542 3360 578 3443; x_wconf 74' lang='grc' dir='ltr'><strong>εἷ]</strong></span> 
     </span>
     <span class='ocr_line' id='line_1_22' title="bbox 249 3514 625 3595; baseline -0.003 -17"><span class='ocrx_word' id='word_1_76' title='bbox 249 3533 338 3579; x_wconf 77' lang='lat' dir='ltr'><strong>osnes</strong></span> <span class='ocrx_word' id='word_1_77' title='bbox 362 3516 460 3595; x_wconf 85' lang='lat' dir='ltr'><strong>etqui</strong></span> <span class='ocrx_word' id='word_1_78' title='bbox 486 3514 625 3590; x_wconf 77' lang='lat' dir='ltr'><strong>morietur</strong></span> 
     </span>
    </p>
   </div>
   <div class='ocr_carea' id='block_1_4' title="bbox 248 3650 609 3729">
    <p class='ocr_par' dir='ltr' id='par_1_5' title="bbox 248 3650 609 3729">
     <span class='ocr_line' id='line_1_23' title="bbox 248 3650 609 3729; baseline 0.008 -20"><span class='ocrx_word' id='word_1_79' title='bbox 248 3650 311 3711; x_wconf 85' lang='lat' dir='ltr'><strong>eius</strong></span> <span class='ocrx_word' id='word_1_80' title='bbox 334 3650 363 3711; x_wconf 89' lang='lat' dir='ltr'><strong>in</strong></span> <span class='ocrx_word' id='word_1_81' title='bbox 387 3667 490 3729; x_wconf 82' lang='lat' dir='ltr'><strong>campo</strong></span> <span class='ocrx_word' id='word_1_82' title='bbox 514 3651 609 3712; x_wconf 84' lang='lat' dir='ltr'>deuo-</span> 
     </span>
    </p>
   </div>
   <div class='ocr_carea' id='block_1_5' title="bbox 172 3794 662 3847">
    <p class='ocr_par' dir='ltr' id='par_1_6' title="bbox 172 3794 662 3847">
     <span class='ocr_line' id='line_1_24' title="bbox 172 3794 662 3847; baseline -0.006 1"><span class='ocrx_word' id='word_1_83' title='bbox 172 3821 173 3825; x_wconf 62' lang='lat'><em>=</em></span> <span class='ocrx_word' id='word_1_84' title='bbox 248 3794 389 3847; x_wconf 74' lang='lat' dir='ltr'><strong>raserunt</strong></span> <span class='ocrx_word' id='word_1_85' title='bbox 410 3803 476 3846; x_wconf 82' lang='lat' dir='ltr'><strong>eum</strong></span> <span class='ocrx_word' id='word_1_86' title='bbox 498 3804 569 3845; x_wconf 84' lang='lat' dir='ltr'><strong>aues</strong></span> <span class='ocrx_word' id='word_1_87' title='bbox 593 3803 662 3846; x_wconf 81' lang='lat' dir='ltr'><strong>toe-</strong></span> 
     </span>
    </p>
   </div>
   <div class='ocr_carea' id='block_1_6' title="bbox 250 3902 613 4001">
    <p class='ocr_par' dir='ltr' id='par_1_7' title="bbox 250 3902 613 4001">
     <span class='ocr_line' id='line_1_25' title="bbox 250 3902 613 4001; baseline 0.008 -22"><span class='ocrx_word' id='word_1_88' title='bbox 250 3919 269 3979; x_wconf 84' lang='lat' dir='ltr'><strong>li</strong></span> <span class='ocrx_word' id='word_1_89' title='bbox 292 3920 459 4001; x_wconf 74' lang='lat' dir='ltr'><strong>etreliqua</strong></span> <span class='ocrx_word' id='word_1_90' title='bbox 482 3902 613 3982; x_wconf 58' lang='lat' dir='ltr'><strong>uerbosa</strong></span> 
     </span>
    </p>
   </div>
   <div class='ocr_carea' id='block_1_7' title="bbox 249 4054 605 4135">
    <p class='ocr_par' dir='ltr' id='par_1_8' title="bbox 249 4054 605 4135">
     <span class='ocr_line' id='line_1_26' title="bbox 249 4054 605 4135; baseline 0.003 -22"><span class='ocrx_word' id='word_1_91' title='bbox 249 4054 334 4116; x_wconf 81' lang='lat' dir='ltr'><strong>bassi</strong></span> <span class='ocrx_word' id='word_1_92' title='bbox 356 4065 387 4115; x_wconf 86' lang='lat' dir='ltr'><strong>et</strong></span> <span class='ocrx_word' id='word_1_93' title='bbox 407 4054 506 4117; x_wconf 87' lang='lat' dir='ltr'><strong>omnia</strong></span> <span class='ocrx_word' id='word_1_94' title='bbox 529 4074 605 4135; x_wconf 88' lang='lat' dir='ltr'><strong>quaa</strong></span> 
     </span>
    </p>
   </div>
   <div class='ocr_carea' id='block_1_8' title="bbox 710 447 889 511">
    <p class='ocr_par' dir='ltr' id='par_1_9' title="bbox 710 447 889 511">
     <span class='ocr_line' id='line_1_27' title="bbox 710 447 889 511; baseline 0.006 -1"><span class='ocrx_word' id='word_1_95' title='bbox 710 447 772 510; x_wconf 73' lang='lat' dir='ltr'><strong>sol.</strong></span> <span class='ocrx_word' id='word_1_96' title='bbox 795 449 834 509; x_wconf 81' lang='lat'><strong>21</strong></span> <span class='ocrx_word' id='word_1_97' title='bbox 859 448 889 511; x_wconf 89' lang='lat' dir='ltr'><strong>b.</strong></span> 
     </span>
    </p>
   </div>
   <div class='ocr_carea' id='block_1_9' title="bbox 689 632 897 714">
    <p class='ocr_par' dir='ltr' id='par_1_10' title="bbox 689 632 897 714">
     <span class='ocr_line' id='line_1_28' title="bbox 689 632 897 714; baseline 0.01 -19"><span class='ocrx_word' id='word_1_98' title='bbox 689 633 737 695; x_wconf 90' lang='lat'><strong>111</strong></span> <span class='ocrx_word' id='word_1_99' title='bbox 759 632 800 714; x_wconf 89' lang='lat'><strong>(1)</strong></span> <span class='ocrx_word' id='word_1_100' title='bbox 821 633 897 713; x_wconf 68' lang='lat' dir='ltr'><strong>stag.</strong></span> 
     </span>
    </p>
   </div>
   <div class='ocr_carea' id='block_1_10' title="bbox 1005 790 1138 848">
    <p class='ocr_par' dir='ltr' id='par_1_11' title="bbox 1005 790 1138 848">
     <span class='ocr_line' id='line_1_29' title="bbox 1005 790 1138 848; baseline 0.008 -12"><span class='ocrx_word' id='word_1_101' title='bbox 1005 791 1043 848; x_wconf 76' lang='lat'><strong>16,</strong></span> <span class='ocrx_word' id='word_1_102' title='bbox 1063 790 1138 837; x_wconf 76' lang='lat'><strong>5—9.</strong></span> 
     </span>
    </p>
   </div>
   <div class='ocr_carea' id='block_1_11' title="bbox 829 954 1210 1556">
    <p class='ocr_par' dir='ltr' id='par_1_12' title="bbox 829 954 1210 1556">
     <span class='ocr_line' id='line_1_30' title="bbox 829 954 1188 1017; baseline -0.008 -1"><span class='ocrx_word' id='word_1_103' title='bbox 829 954 900 1017; x_wconf 79' lang='lat' dir='ltr'><strong>tecit</strong></span> <span class='ocrx_word' id='word_1_104' title='bbox 924 964 955 1016; x_wconf 82' lang='lat' dir='ltr'><strong>et</strong></span> <span class='ocrx_word' id='word_1_105' title='bbox 975 954 1102 1016; x_wconf 85' lang='lat' dir='ltr'><strong>uirtutes</strong></span> <span class='ocrx_word' id='word_1_106' title='bbox 1125 954 1188 1015; x_wconf 89' lang='lat' dir='ltr'><strong>eius</strong></span> 
     </span>
     <span class='ocr_line' id='line_1_31' title="bbox 830 1088 1210 1184; baseline -0.011 -32"><span class='ocrx_word' id='word_1_107' title='bbox 830 1110 888 1184; x_wconf 81' lang='lat' dir='ltr'><strong>non¹</strong></span> <span class='ocrx_word' id='word_1_108' title='bbox 912 1099 982 1151; x_wconf 90' lang='lat' dir='ltr'><strong>sunt</strong></span> <span class='ocrx_word' id='word_1_109' title='bbox 1005 1090 1078 1150; x_wconf 82' lang='lat' dir='ltr'><strong>haec</strong></span> <span class='ocrx_word' id='word_1_110' title='bbox 1098 1088 1210 1168; x_wconf 74' lang='lat' dir='ltr'><strong>scripta</strong></span> 
     </span>
     <span class='ocr_line' id='line_1_32' title="bbox 829 1224 1136 1286; baseline 0.007 -3"><span class='ocrx_word' id='word_1_111' title='bbox 829 1224 859 1285; x_wconf 90' lang='lat' dir='ltr'><strong>in</strong></span> <span class='ocrx_word' id='word_1_112' title='bbox 882 1225 957 1286; x_wconf 83' lang='lat' dir='ltr'>libro</span> <span class='ocrx_word' id='word_1_113' title='bbox 979 1226 1136 1286; x_wconf 76' lang='lat' dir='ltr'>uerborum</span> 
     </span>
     <span class='ocr_line' id='line_1_33' title="bbox 830 1357 1177 1437; baseline -0.012 -15"><span class='ocrx_word' id='word_1_114' title='bbox 830 1359 943 1422; x_wconf 84' lang='lat' dir='ltr'><strong>diarum</strong></span> <span class='ocrx_word' id='word_1_115' title='bbox 966 1379 1065 1437; x_wconf 85' lang='lat' dir='ltr'>regum</span> <span class='ocrx_word' id='word_1_116' title='bbox 1088 1357 1177 1419; x_wconf 85' lang='lat' dir='ltr'><strong>israel</strong></span> 
     </span>
     <span class='ocr_line' id='line_1_34' title="bbox 830 1472 1188 1556; baseline 0 -1"><span class='ocrx_word' id='word_1_117' title='bbox 830 1503 862 1555; x_wconf 89' lang='lat' dir='ltr'><strong>st</strong></span> <span class='ocrx_word' id='word_1_118' title='bbox 883 1494 1024 1556; x_wconf 84' lang='lat' dir='ltr'><strong>dormiuit</strong></span> <span class='ocrx_word' id='word_1_119' title='bbox 1045 1493 1129 1555; x_wconf 81' lang='lat' dir='ltr'><strong>bassi</strong></span> <span class='ocrx_word' id='word_1_120' title='bbox 1152 1472 1188 1555; x_wconf 65' lang='lat' dir='ltr'><strong>a&#39;u</strong></span> 
     </span>
    </p>
   </div>
   <div class='ocr_carea' id='block_1_12' title="bbox 831 1628 1234 1709">
    <p class='ocr_par' dir='ltr' id='par_1_13' title="bbox 831 1628 1234 1709">
     <span class='ocr_line' id='line_1_35' title="bbox 831 1628 1234 1709; baseline -0.002 -18"><span class='ocrx_word' id='word_1_121' title='bbox 831 1630 970 1709; x_wconf 84' lang='lat' dir='ltr'><strong>patribus</strong></span> <span class='ocrx_word' id='word_1_122' title='bbox 993 1629 1108 1691; x_wconf 81' lang='lat' dir='ltr'><strong>suiset</strong></span> <span class='ocrx_word' id='word_1_123' title='bbox 1131 1628 1234 1709; x_wconf 73' lang='lat' dir='ltr'><strong>sepul-</strong></span> 
     </span>
    </p>
   </div>
   <div class='ocr_carea' id='block_1_13' title="bbox 829 1764 1329 1836">
    <p class='ocr_par' dir='ltr' id='par_1_14' title="bbox 829 1764 1329 1836">
     <span class='ocr_line' id='line_1_36' title="bbox 829 1764 1329 1836; baseline -0.01 -11"><span class='ocrx_word' id='word_1_124' title='bbox 829 1773 878 1825; x_wconf 88' lang='lat' dir='ltr'><strong>tus</strong></span> <span class='ocrx_word' id='word_1_125' title='bbox 902 1774 948 1825; x_wconf 87' lang='lat' dir='ltr'><strong>est</strong></span> <span class='ocrx_word' id='word_1_126' title='bbox 967 1764 995 1825; x_wconf 89' lang='lat' dir='ltr'><strong>in</strong></span> <span class='ocrx_word' id='word_1_127' title='bbox 1020 1764 1121 1825; x_wconf 69' lang='lat' dir='ltr'><strong>thersa</strong></span> <span class='ocrx_word' id='word_1_128' title='bbox 1143 1776 1174 1825; x_wconf 86' lang='lat' dir='ltr'><strong>et</strong></span> <span class='ocrx_word' id='word_1_129' title='bbox 1197 1783 1263 1836; x_wconf 71' lang='lat' dir='ltr'><strong>reg·</strong></span> <span class='ocrx_word' id='word_1_130' title='bbox 1326 1806 1329 1809; x_wconf 70' lang='lat'><strong>.</strong></span> 
     </span>
    </p>
   </div>
   <div class='ocr_carea' id='block_1_14' title="bbox 827 1898 1271 2921">
    <p class='ocr_par' dir='ltr' id='par_1_15' title="bbox 830 1898 1168 1961">
     <span class='ocr_line' id='line_1_37' title="bbox 830 1898 1168 1961; baseline -0.003 -1"><span class='ocrx_word' id='word_1_131' title='bbox 830 1900 914 1961; x_wconf 82' lang='lat' dir='ltr'><strong>nauit</strong></span> <span class='ocrx_word' id='word_1_132' title='bbox 936 1898 983 1960; x_wconf 88' lang='lat' dir='ltr'><strong>ela</strong></span> <span class='ocrx_word' id='word_1_133' title='bbox 1004 1898 1083 1960; x_wconf 87' lang='lat' dir='ltr'><strong>filius</strong></span> <span class='ocrx_word' id='word_1_134' title='bbox 1105 1899 1168 1960; x_wconf 82' lang='lat' dir='ltr'><strong>eius</strong></span> 
     </span>
    </p>

    <p class='ocr_par' dir='ltr' id='par_1_16' title="bbox 827 2033 1271 2921">
     <span class='ocr_line' id='line_1_38' title="bbox 829 2033 1271 2115; baseline -0.007 -20"><span class='ocrx_word' id='word_1_135' title='bbox 829 2053 883 2115; x_wconf 84' lang='lat' dir='ltr'><strong>pra</strong></span> <span class='ocrx_word' id='word_1_136' title='bbox 905 2052 940 2095; x_wconf 87' lang='lat' dir='ltr'><strong>eo</strong></span> <span class='ocrx_word' id='word_1_137' title='bbox 962 2033 991 2094; x_wconf 87' lang='lat' dir='ltr'><strong>in</strong></span> <span class='ocrx_word' id='word_1_138' title='bbox 1014 2052 1092 2095; x_wconf 85' lang='lat' dir='ltr'><strong>anno</strong></span> <span class='ocrx_word' id='word_1_139' title='bbox 1116 2033 1271 2111; x_wconf 84' lang='lat' dir='ltr'><strong>uigessimo</strong></span> 
     </span>
     <span class='ocr_line' id='line_1_39' title="bbox 828 2168 1215 2247; baseline -0.003 -17"><span class='ocrx_word' id='word_1_140' title='bbox 828 2170 923 2230; x_wconf 86' lang='lat' dir='ltr'><strong>baasa</strong></span> <span class='ocrx_word' id='word_1_141' title='bbox 944 2168 1020 2247; x_wconf 82' lang='lat' dir='ltr'><strong>regis</strong></span> <span class='ocrx_word' id='word_1_142' title='bbox 1042 2169 1112 2229; x_wconf 84' lang='lat' dir='ltr'><strong>iuda</strong></span> <span class='ocrx_word' id='word_1_143' title='bbox 1135 2180 1164 2228; x_wconf 81' lang='lat' dir='ltr'><strong>et</strong></span> <span class='ocrx_word' id='word_1_144' title='bbox 1186 2168 1215 2229; x_wconf 90' lang='lat' dir='ltr'><strong>in</strong></span> 
     </span>
     <span class='ocr_line' id='line_1_40' title="bbox 827 2293 1222 2365; baseline -0.005 0"><span class='ocrx_word' id='word_1_145' title='bbox 827 2322 917 2365; x_wconf 89' lang='lat' dir='ltr'><strong>manu</strong></span> <span class='ocrx_word' id='word_1_146' title='bbox 940 2293 989 2365; x_wconf 78' lang='lat' dir='ltr'><strong>isa</strong></span> <span class='ocrx_word' id='word_1_147' title='bbox 1011 2303 1052 2363; x_wconf 82' lang='lat' dir='ltr'><strong>fili</strong></span> <span class='ocrx_word' id='word_1_148' title='bbox 1074 2322 1152 2364; x_wconf 85' lang='lat' dir='ltr'><strong>anan</strong></span> <span class='ocrx_word' id='word_1_149' title='bbox 1176 2304 1222 2364; x_wconf 84' lang='lat' dir='ltr'><strong>lo·</strong></span> 
     </span>
     <span class='ocr_line' id='line_1_41' title="bbox 829 2419 1257 2517; baseline -0.002 -18"><span class='ocrx_word' id='word_1_150' title='bbox 829 2448 983 2499; x_wconf 76' lang='lat' dir='ltr'><strong>natusest</strong></span> <span class='ocrx_word' id='word_1_151' title='bbox 1009 2419 1074 2499; x_wconf 68' lang='lat' dir='ltr'><strong>dun-s</strong></span> <span class='ocrx_word' id='word_1_152' title='bbox 1095 2457 1183 2517; x_wconf 83' lang='lat' dir='ltr'><strong>super</strong></span> <span class='ocrx_word' id='word_1_153' title='bbox 1206 2438 1257 2498; x_wconf 82' lang='lat' dir='ltr'><strong>ba-</strong></span> 
     </span>
     <span class='ocr_line' id='line_1_42' title="bbox 827 2550 1258 2651; baseline -0.007 -16"><span class='ocrx_word' id='word_1_154' title='bbox 827 2592 899 2635; x_wconf 84' lang='lat' dir='ltr'><strong>asaa</strong></span> <span class='ocrx_word' id='word_1_155' title='bbox 919 2550 1059 2651; x_wconf 84' lang='lat' dir='ltr'><strong>stsupsr</strong></span> <span class='ocrx_word' id='word_1_156' title='bbox 1085 2551 1258 2635; x_wconf 68' lang='lat' dir='ltr'><strong>domu⁸eius</strong></span> 
     </span>
     <span class='ocr_line' id='line_1_43' title="bbox 828 2709 1201 2788; baseline -0.008 -18"><span class='ocrx_word' id='word_1_157' title='bbox 828 2719 859 2771; x_wconf 86' lang='lat' dir='ltr'><strong>st</strong></span> <span class='ocrx_word' id='word_1_158' title='bbox 881 2729 968 2771; x_wconf 90' lang='lat' dir='ltr'>omne</span> <span class='ocrx_word' id='word_1_159' title='bbox 992 2709 1099 2770; x_wconf 84' lang='lat' dir='ltr'><strong>malum</strong></span> <span class='ocrx_word' id='word_1_160' title='bbox 1124 2709 1201 2788; x_wconf 88' lang='lat' dir='ltr'><strong>quod</strong></span> 
     </span>
     <span class='ocr_line' id='line_1_44' title="bbox 827 2823 1244 2921; baseline -0.002 -15"><span class='ocrx_word' id='word_1_161' title='bbox 827 2844 899 2906; x_wconf 74' lang='lat' dir='ltr'><strong>tacit</strong></span> <span class='ocrx_word' id='word_1_162' title='bbox 921 2844 950 2905; x_wconf 90' lang='lat' dir='ltr'><strong>in</strong></span> <span class='ocrx_word' id='word_1_163' title='bbox 975 2854 1135 2921; x_wconf 81' lang='lat' dir='ltr'><strong>conspectu</strong></span> <span class='ocrx_word' id='word_1_164' title='bbox 1165 2823 1244 2906; x_wconf 78' lang='lat' dir='ltr'>d01&#39;11&#39;i</span> 
     </span>
    </p>
   </div>
   <div class='ocr_carea' id='block_1_15' title="bbox 826 2989 1128 3059">
    <p class='ocr_par' dir='ltr' id='par_1_17' title="bbox 826 2989 1128 3059">
     <span class='ocr_line' id='line_1_45' title="bbox 826 2989 1128 3059; baseline -0.003 -19"><span class='ocrx_word' id='word_1_165' title='bbox 826 2989 860 3040; x_wconf 90' lang='lat' dir='ltr'><strong>ut</strong></span> <span class='ocrx_word' id='word_1_166' title='bbox 881 2990 1039 3059; x_wconf 77' lang='lat' dir='ltr'>exaggeret</span> <span class='ocrx_word' id='word_1_167' title='bbox 1062 2997 1128 3039; x_wconf 78' lang='lat' dir='ltr'><strong>sum</strong></span> 
     </span>
    </p>
   </div>
   <div class='ocr_carea' id='block_1_16' title="bbox 828 3247 1256 3850">
    <p class='ocr_par' dir='ltr' id='par_1_18' title="bbox 828 3247 1256 3850">
     <span class='ocr_line' id='line_1_46' title="bbox 830 3247 1242 3311; baseline -0.007 -1"><span class='ocrx_word' id='word_1_168' title='bbox 830 3267 914 3311; x_wconf 85' lang='lat' dir='ltr'><strong>arum</strong></span> <span class='ocrx_word' id='word_1_169' title='bbox 932 3259 966 3311; x_wconf 91' lang='lat' dir='ltr'><strong>ut</strong></span> <span class='ocrx_word' id='word_1_170' title='bbox 986 3259 1065 3310; x_wconf 86' lang='lat' dir='ltr'><strong>esset</strong></span> <span class='ocrx_word' id='word_1_171' title='bbox 1086 3248 1164 3309; x_wconf 83' lang='lat' dir='ltr'><strong>sicut</strong></span> <span class='ocrx_word' id='word_1_172' title='bbox 1186 3247 1242 3309; x_wconf 88' lang='lat' dir='ltr'><strong>do-</strong></span> 
     </span>
     <span class='ocr_line' id='line_1_47' title="bbox 831 3382 1256 3472; baseline -0.009 -27"><span class='ocrx_word' id='word_1_173' title='bbox 831 3403 895 3445; x_wconf 90' lang='lat' dir='ltr'><strong>mus</strong></span> <span class='ocrx_word' id='word_1_174' title='bbox 917 3382 1079 3462; x_wconf 77' lang='lat' dir='ltr'><strong>hierobam.</strong></span> <span class='ocrx_word' id='word_1_175' title='bbox 1124 3383 1164 3443; x_wconf 80' lang='lat' dir='ltr'><strong>Et</strong></span> <span class='ocrx_word' id='word_1_176' title='bbox 1187 3400 1256 3472; x_wconf 82' lang='lat' dir='ltr'><strong>per-¹</strong></span> 
     </span>
     <span class='ocr_line' id='line_1_48' title="bbox 831 3517 1200 3583; baseline -0.005 -4"><span class='ocrx_word' id='word_1_177' title='bbox 831 3527 948 3582; x_wconf 76' lang='lat' dir='ltr'><strong>tutaret</strong></span> <span class='ocrx_word' id='word_1_178' title='bbox 970 3538 1045 3583; x_wconf 88' lang='lat' dir='ltr'><strong>sum.</strong></span> <span class='ocrx_word' id='word_1_179' title='bbox 1091 3519 1132 3579; x_wconf 76' lang='lat' dir='ltr'><strong>Et</strong></span> <span class='ocrx_word' id='word_1_180' title='bbox 1154 3517 1200 3577; x_wconf 81' lang='lat' dir='ltr'><strong>ela</strong></span> 
     </span>
     <span class='ocr_line' id='line_1_49' title="bbox 830 3652 1179 3731; baseline -0.009 -17"><span class='ocrx_word' id='word_1_181' title='bbox 830 3652 907 3714; x_wconf 89' lang='lat' dir='ltr'><strong>filius</strong></span> <span class='ocrx_word' id='word_1_182' title='bbox 930 3654 1024 3714; x_wconf 80' lang='lat' dir='ltr'><strong>baasa</strong></span> <span class='ocrx_word' id='word_1_183' title='bbox 1044 3652 1179 3731; x_wconf 82' lang='lat' dir='ltr'><strong>regnauit</strong></span> 
     </span>
     <span class='ocr_line' id='line_1_50' title="bbox 828 3784 1251 3850; baseline -0.007 -2"><span class='ocrx_word' id='word_1_184' title='bbox 828 3786 858 3848; x_wconf 88' lang='lat' dir='ltr'><strong>in</strong></span> <span class='ocrx_word' id='word_1_185' title='bbox 877 3788 966 3850; x_wconf 86' lang='lat' dir='ltr'><strong>israel</strong></span> <span class='ocrx_word' id='word_1_186' title='bbox 989 3788 1017 3848; x_wconf 91' lang='lat' dir='ltr'><strong>in</strong></span> <span class='ocrx_word' id='word_1_187' title='bbox 1041 3787 1144 3849; x_wconf 84' lang='lat' dir='ltr'><strong>thersa</strong></span> <span class='ocrx_word' id='word_1_188' title='bbox 1166 3784 1251 3846; x_wconf 83' lang='lat' dir='ltr'>bien·</span> 
     </span>
    </p>
   </div>
   <div class='ocr_carea' id='block_1_17' title="bbox 832 3922 1226 3985">
    <p class='ocr_par' dir='ltr' id='par_1_19' title="bbox 832 3922 1226 3985">
     <span class='ocr_line' id='line_1_51' title="bbox 832 3922 1226 3985; baseline -0.013 0"><span class='ocrx_word' id='word_1_189' title='bbox 832 3922 892 3985; x_wconf 82' lang='lat' dir='ltr'><strong>nio.</strong></span> <span class='ocrx_word' id='word_1_190' title='bbox 935 3924 977 3985; x_wconf 82' lang='lat' dir='ltr'><strong>Et</strong></span> <span class='ocrx_word' id='word_1_191' title='bbox 999 3940 1158 3984; x_wconf 83' lang='lat' dir='ltr'><strong>conuersus</strong></span> <span class='ocrx_word' id='word_1_192' title='bbox 1180 3929 1226 3981; x_wconf 86' lang='lat' dir='ltr'><strong>est</strong></span> 
     </span>
    </p>
   </div>
   <div class='ocr_carea' id='block_1_18' title="bbox 831 4057 1244 4138">
    <p class='ocr_par' dir='ltr' id='par_1_20' title="bbox 831 4057 1244 4138">
     <span class='ocr_line' id='line_1_52' title="bbox 831 4057 1244 4138; baseline -0.005 -21"><span class='ocrx_word' id='word_1_193' title='bbox 831 4057 860 4119; x_wconf 88' lang='lat' dir='ltr'><strong>in</strong></span> <span class='ocrx_word' id='word_1_194' title='bbox 885 4077 950 4119; x_wconf 85' lang='lat' dir='ltr'><strong>eum</strong></span> <span class='ocrx_word' id='word_1_195' title='bbox 974 4058 1083 4119; x_wconf 87' lang='lat' dir='ltr'><strong>sambri</strong></span> <span class='ocrx_word' id='word_1_196' title='bbox 1107 4059 1244 4138; x_wconf 81' lang='lat' dir='ltr'><strong>princeps</strong></span> 
     </span>
    </p>
   </div>
   <div class='ocr_carea' id='block_1_19' title="bbox 961 4191 1238 4272">
    <p class='ocr_par' dir='ltr' id='par_1_21' title="bbox 961 4191 1238 4272">
     <span class='ocr_line' id='line_1_53' title="bbox 961 4191 1238 4272; baseline 0 -19"><span class='ocrx_word' id='word_1_197' title='bbox 961 4191 1065 4253; x_wconf 88' lang='lat' dir='ltr'>dimidi</span> <span class='ocrx_word' id='word_1_198' title='bbox 1087 4194 1238 4272; x_wconf 84' lang='lat' dir='ltr'><strong>equitatus</strong></span> 
     </span>
    </p>
   </div>
   <div class='ocr_carea' id='block_1_20' title="bbox 797 3102 1363 3193">
    <p class='ocr_par' dir='ltr' id='par_1_22' title="bbox 797 3102 1363 3193">
     <span class='ocr_line' id='line_1_54' title="bbox 797 3102 1363 3193; baseline -0.007 -18"><span class='ocrx_word' id='word_1_199' title='bbox 797 3180 798 3183; x_wconf 48' lang='lat'>,</span> <span class='ocrx_word' id='word_1_200' title='bbox 832 3112 862 3175; x_wconf 91' lang='lat' dir='ltr'><strong>in</strong></span> <span class='ocrx_word' id='word_1_201' title='bbox 885 3114 1026 3193; x_wconf 87' lang='lat' dir='ltr'><strong>operibus</strong></span> <span class='ocrx_word' id='word_1_202' title='bbox 1047 3114 1215 3192; x_wconf 79' lang='lat' dir='ltr'><strong>manu(u)m</strong></span> <span class='ocrx_word' id='word_1_203' title='bbox 1239 3132 1292 3172; x_wconf 88' lang='lat' dir='ltr'><strong>su·</strong></span> <span class='ocrx_word' id='word_1_204' title='bbox 1359 3102 1363 3109; x_wconf 81' lang='grc'><strong>’</strong></span> 
     </span>
    </p>
   </div>
   <div class='ocr_carea' id='block_1_21' title="bbox 0 0 1668 4959">
    <p class='ocr_par' dir='ltr' id='par_1_23' title="bbox 0 0 1668 4959">
     <span class='ocr_line' id='line_1_55' title="bbox 0 0 1668 4959; baseline 0 2"><span class='ocrx_word' id='word_1_205' title='bbox 0 0 1668 4959; x_wconf 95' lang='lat' dir='ltr'><strong> </strong></span> 
     </span>
    </p>
   </div>
  </div>
 </body>
</html>
