3325 4959
807 436 872 498 not
895 437 937 499 23
949 437 979 499 b.

750 623 765 684 I
788 622 864 699 Reg.
884 620 915 704 (Ι
937 620 1036 701 Sem.)

499 783 522 837 ι,
540 780 589 834 2⁸3
609 781 634 837 e,
654 781 726 826 1-5.

608 880 711 886 ------
718 880 882 889 -—---—-

345 946 383 1007 do
404 963 471 1007 enm
493 927 562 1006 dfno
584 946 681 1006 omni-

343 1081 400 1141 bns
422 1080 528 1141 diebus
551 1079 629 1141 uitae
653 1080 719 1160 qni·

276 1290 277 1293 Ἴ
345 1215 401 1275 bns
422 1215 499 1276 uiuit
519 1235 584 1277 oum
607 1198 675 1277 tirno
740 1252 742 1257 ,

345 1359 377 1410 et
398 1349 474 1418 dixit
495 1370 575 1412 enno
597 1335 705 1413 confir·

346 1494 457 1546 motum
480 1480 598 1547 osteor
620 1505 716 1549 meum

345 1619 374 1680 in
398 1602 466 1682 d'rno
489 1640 564 1687 meo.
609 1622 782 1685 Exaltotnm

346 1764 391 1815 est
414 1774 533 1818 oornnm
556 1750 652 1817 metim
675 1757 705 1817 in

346 1872 414 1952 dffio
438 1909 511 1953 meo.
556 1892 721 1955 Dilnlotnm

345 2034 392 2087 est
412 2045 501 2107 snper
522 2026 655 2088 inimicos
678 2048 741 2089 me-

318 2180 378 2221 os
399 2180 433 2221 on
455 2181 559 2223 meum.
603 2162 714 2224 Laetor

345 2296 375 2355 in
396 2298 557 2359 sanctitate
580 2308 633 2360 tuo
655 2280 721 2359 dffie

346 2428 496 2511 quianon
521 2444 565 2493 est
588 2442 710 2495 sonotns

345 2566 424 2627 sient
446 2578 477 2628 tn
502 2549 578 2630 dffie.
623 2569 664 2630 Et
686 2589 744 2631 non

346 2712 394 2764 est
414 2703 511 2763 iustus
533 2703 612 2766 siout
633 2705 706 2765 deus

346 2837 437 2898 nolite
459 2838 579 2915 gloriari
603 2850 631 2898 et

347 2972 439 3035 nolito
463 2973 543 3053 ioqui
567 2973 682 3035 excelsa
754 3012 758 3023 ·

346 3129 404 3170 non
428 3109 521 3171 exiret
545 3128 680 3186 magnum

347 3244 471 3305 uerbum
496 3264 534 3306 ex
552 3263 602 3305 ore
625 3263 695 3306 ues-

347 3389 394 3439 tro
417 3380 486 3459 qnia
508 3380 581 3441 dens
605 3388 650 3439 est

347 3513 398 3596 qui
417 3524 576 3595 praeparet
597 3513 748 3576 inuentio-

347 3670 399 3709 nes
421 3650 484 3711 eins
507 3662 537 3709 et
558 3669 659 3710 orcum
683 3668 740 3728 po-

347 3785 473 3847 tentium
496 3784 643 3845 infirmnm
666 3784 737 3845 ieoit

348 3930 379 3980 et
401 3919 534 3981 infirmos
555 3921 693 3997 praecin-

308 4073 309 4076 ’
347 4056 393 4116 xit
415 4056 555 4117 uirtutem

348 4188 430 4269 pleni
451 4189 551 4268 ponib’
575 4190 687 4250 minora

1111 778 1135 836 2,
1154 777 1246 823 o-ro.

926 944 1046 1005 inerunt
1067 952 1098 1003 et
1119 942 1284 1004 esurientos

927 1078 1110 1139 transierunt
1131 1087 1211 1139 terra

926 1222 958 1274 et
978 1212 1089 1274 sterilis
1110 1212 1225 1292 peperit
1245 1222 1331 1292 septe

928 1357 959 1408 et
980 1347 1029 1410 oni
1049 1356 1136 1408 erent
1156 1346 1197 1407 iili
1218 1347 1303 1408 infir-

927 1493 1010 1544 mato
1028 1492 1082 1544 ent
1126 1463 1201 1543 Diris
1224 1483 1329 1544 morti-

926 1618 996 1681 fioot
1020 1627 1051 1680 et
1072 1618 1215 1680 ninifioot.
1259 1620 1324 1680 De·
1396 1656 1405 1672 ,

928 1757 1017 1816 dnoet
1039 1755 1069 1815 in
1091 1753 1205 1814 inferno
1228 1761 1259 1814 et
1280 1771 1330 1813 re-

928 1892 1024 1953 ducet.
1069 1871 1145 1951 offis
1167 1890 1240 1949 faoit
1262 1908 1406 1969 pauperes

929 2036 960 2088 et
983 2027 1155 2109 locupletat.
1202 2024 1310 2088 Humi-

926 2161 982 2223 liet
1004 2172 1034 2223 et
1056 2163 1169 2224 exnitnt
1191 2170 1222 2221 et
1243 2180 1312 2222 sus-

928 2298 1002 2359 oitot
1023 2318 1042 2359 o
1064 2307 1144 2359 terro
1168 2278 1305 2377 paupere
1371 2372 1376 2375 μ

927 2434 1016 2494 etde
1038 2442 1167 2495 stercore
1189 2432 1306 2493 exaltat

926 2567 1045 2648 inopem
1069 2581 1102 2630 ut
1124 2570 1212 2629 sede-

928 2712 976 2763 ret
996 2704 1073 2764 inter
1094 2699 1229 2784 potenti-

929 2840 985 2900 bus
1008 2851 1038 2898 et
1059 2840 1159 2899 sedern
1182 2836 1274 2913 giori-
1311 2822 1316 2832 ’
1410 2921 1412 2924 Ι

928 2993 963 3033 ae
986 2970 1182 3035 haeriditabit
1203 2973 1247 3033 eie

929 3108 979 3189 qni
1002 3108 1241 3169 datorationem
1264 3126 1300 3169 o·

930 3244 1020 3315 ronti,
1043 3245 1092 3323 qni
1113 3243 1269 3303 benedixit
1290 3263 1346 3303 on-

930 3398 983 3440 nos
1005 3380 1148 3440 iustorum
1172 3378 1242 3457 qnia
1264 3397 1320 3438 non

930 3513 1040 3576 uirtute
1062 3533 1117 3574 sna
1138 3522 1243 3591 potens
1265 3513 1310 3574 nir

930 3632 996 3711 offis
1017 3649 1164 3711 infirmnm
1188 3647 1276 3709 faciet

930 3785 1134 3846 aduersarium
1157 3784 1220 3845 eins

930 3903 997 3983 drn'o
1020 3931 1140 3982 sanctus
1162 3939 1218 3980 non

932 4058 1074 4132 glorietur
1095 4056 1214 4133 sopiens
1237 4056 1265 4116 in

932 4208 988 4251 ono
1009 4189 1155 4267 sapientia
1178 4208 1232 4250 neo
1255 4191 1332 4252 dinis
