3325 4959
684 456 748 520 Fol.
769 456 809 517 25
834 460 861 519 b.

214 989 258 1075 'et
280 976 433 1041 descendit
455 988 486 1038 at
512 996 577 1038 euru
602 997 653 1039 rex
773 1015 775 1024 ‹
798 974 905 1038 salutis
927 978 1023 1042 israel.
1067 982 1107 1044 Et
1129 981 1205 1044 dixit
1227 983 1282 1045 he·

138 1122 142 1129 “
227 1114 315 1175 iarael
338 1124 369 1175 et
388 1112 519 1191 piorauit
540 1132 629 1191 super
799 1066 905 1175 ti'sseus
921 1116 1083 1192 percutties
1103 1096 1192 1198 syrirf

226 1248 334 1309 taciem
358 1246 420 1308 eius
443 1246 544 1308 dicens
569 1256 654 1325 pater
772 1256 904 1312 rtutam.
948 1250 990 1312 Et
1012 1251 1118 1312 iterum
1144 1251 1222 1314 dixit

229 1392 315 1461 pater
335 1392 431 1443 rector
453 1380 541 1443 israel
565 1392 595 1441 et
799 1380 929 1443 heiiseus
951 1385 999 1445 ieu
1022 1388 1083 1466 regi
1106 1399 1229 1466 pereut-

227 1537 316 1599 eqnes
339 1516 412 1581 eius.
456 1516 497 1577 Et
520 1516 596 1577 dixit
618 1526 651 1576 at
674 1495 712 1578 εἰ
788 1525 827 1580 ,ιε
850 1515 879 1577 iu
903 1530 1020 1582 terram.
1066 1523 1106 1583 Et
1128 1524 1275 1603 percussit

229 1651 373 1713 helissens
395 1655 497 1729 accipe
519 1629 591 1712 areu
798 1660 854 1715 ter.
901 1654 942 1714 Et
962 1654 1049 1716 stetit
1069 1667 1100 1718 et
1122 1658 1284 1721 contrista·

224 1797 257 1848 et
279 1787 407 1866 sagittas
428 1784 546 1865 accepit
560 1765 631 1848 uru'r'r
797 1798 846 1847 tus
858 1798 904 1848 est
924 1788 1012 1850 humo
1031 1770 1068 1853 di
1077 1811 1128 1873 pro
1141 1812 1184 1855 eo.
1223 1794 1323 1857 Etdi-

224 1931 258 1981 at
282 1922 409 1999 sagittas
432 1934 461 1982 et
483 1922 558 1984 dixit
580 1932 613 1983 at
634 1922 680 1984 ien
745 1979 747 1983 ,
795 1921 841 1982 xit
862 1923 886 1982 si
910 1926 1103 2001 percussisset
1124 1928 1279 2010 quinquies

227 2074 323 2133 regern
348 2056 435 2118 israel
459 2057 567 2137 inpune
591 2077 655 2118 rnu-
796 2068 850 2118 aut
872 2056 970 2120 sexies
993 2069 1063 2122 tune
1086 2062 1252 2140 pernuttie-

226 2209 295 2252 num
319 2200 399 2253 tuam
423 2211 512 2271 super
535 2171 606 2254 arn'u
799 2193 852 2253 bas
874 2194 984 2275 syrium
1007 2164 1100 2257 totam
1125 2199 1188 2278 usq’
1208 2207 1241 2259 at
1262 2199 1310 2261 tu-

227 2334 258 2387 et
280 2325 410 2405 inposuit
433 2346 552 2388 rnanum
575 2346 658 2387 suam
796 2346 871 2390 nem.
919 2328 959 2390 Et
980 2348 1058 2390 nune
1081 2332 1245 2409 percutties

226 2464 283 2523 ieu.
327 2462 367 2523 Et
389 2460 609 2541 superinpusuit
634 2460 699 2523 rna-
797 2463 908 2543 syriam
932 2475 986 2525 ter.
1033 2466 1073 2526 [dt
1096 2477 1229 2528 mortuns
1250 2475 1297 2527 est

229 2616 284 2657 nus
307 2617 376 2659 suas
399 2596 544 2659 helisaeus
566 2616 655 2676 super
799 2596 944 2659 helisseus
966 2608 997 2659 et
1019 2565 1220 2678 sepelierunt

230 2753 334 2797 manue
356 2733 403 2794 ieu
427 2732 514 2811 regis.
559 2732 600 2793 Et
623 2732 700 2793 dixit
799 2752 876 2793 euru.
922 2733 961 2794 tt
983 2729 1208 2813 piratae'moub
1231 2756 1324 2797 uene-

229 2869 311 2949 uperi
333 2870 491 2929 ieuestram
515 2886 591 2947 quae
802 2879 871 2929 runt
893 2869 922 2929 in
947 2882 1056 2930 terrant
1082 2870 1163 2932 iliam

230 3005 269 3065 ab
293 3004 405 3087 oriente
429 3016 474 3063 est
498 3015 527 3063 et
550 3001 677 3081 apernit.
776 3009 778 3120 p
801 3014 830 3062 et
854 3004 963 3066 tuntum
986 3016 1033 3067 est
1050 3025 1117 3068 uum
1141 3006 1304 3087 sepelirent

230 3140 271 3201 Et
295 3138 372 3200 dixit
394 3138 543 3199 helisaeus
565 3138 694 3215 sagitta·
803 3136 920 3215 piratae
943 3140 1088 3202 hominem
1114 3161 1202 3203 unum

227 3293 262 3353 ⁸re
287 3285 315 3333 et
338 3274 504 3353 sagittauit,
549 3273 589 3333 Et
610 3271 688 3332 dixit
709 3269 765 3332 he·
802 3287 988 3337 uocauerunt
1011 3277 1048 3337 ad
1073 3294 1247 3351 munumen-

231 3408 339 3470 iisaeus
359 3408 469 3487 sagitta
488 3408 593 3469 salutis
615 3387 695 3467 duffii
778 3440 779 3518 p
803 3418 876 3472 tum.
922 3410 961 3470 Et
984 3409 1168 3488 proiecerunt
1191 3409 1289 3471 hnmi-

233 3556 263 3606 et
286 3544 399 3621 sagitta
421 3544 528 3604 salutis
552 3545 578 3603 in
603 3545 691 3604 israel
778 3521 868 3601 ¹netu
892 3541 921 3603 in
947 3553 1168 3605 munumentum
1194 3545 1248 3604 ha-

231 3690 262 3741 et
285 3678 450 3759 pereutties
472 3680 581 3758 syriam
607 3678 634 3751 in
658 3699 694 3738 a·
778 3695 780 3835 1
803 3676 883 3738 lissei
906 3690 935 3736 et
958 3678 1095 3758 fugerunt
1119 3691 1150 3740 et
1172 3681 1229 3739 ad-

232 3812 331 3877 seroth
355 3832 430 3894 quae
455 3826 499 3872 est
521 3823 623 3873 contra
646 3814 693 3890 sa-
779 3849 780 3917 p
803 3812 922 3891 piititus
945 3827 990 3873 est
1012 3813 1101 3875 homo
1122 3813 1239 3877 ossibus

234 3948 306 4011 niem
330 3945 477 4010 samariae
500 3948 564 4031 usq’
588 3960 619 4007 at
642 3928 715 4009 tund
779 3918 934 4011 'uerisset
978 3949 1019 4010 Et
1041 3949 1118 4010 uixit
1142 3948 1230 4010 horno
1253 3957 1282 4007 et

235 4094 264 4142 et
286 4083 403 4162 aperuit
425 4083 585 4144 fenestram
610 4104 660 4144 se·
780 4146 781 4209 1
803 4084 932 4145 surrexit
953 4102 1042 4163 super
1064 4085 1155 4162 pedes

235 4219 370 4282 cundarn.
416 4219 456 4279 Et
478 4219 554 4279 dixit
574 4218 703 4297 sagitta·
780 4237 782 4366 p
805 4237 882 4278 suos.
926 4219 966 4279 Et
988 4217 1034 4278 ieu
1059 4236 1114 4277 non
1137 4217 1284 4277 obserua-

237 4370 267 4411 re
290 4363 319 4411 et
342 4351 499 4430 sagittauit
522 4353 661 4431 sagittam
780 4378 782 4442 p
806 4364 851 4416 uit
866 4356 908 4414 ire
925 4355 954 4415 in
971 4353 1051 4415 uiam
1076 4334 1141 4414 dffi
1160 4330 1198 4413 di'
1213 4352 1257 4413 is·

238 4488 346 4548 salutis
369 4468 431 4547 dfn'i
454 4498 483 4546 et
506 4488 646 4557 satiriani
781 4452 783 4571 i
808 4490 868 4550 raet
892 4510 930 4551 ex
951 4500 1014 4550 totu
1036 4490 1125 4550 corde
1147 4506 1200 4549 suu
