3325 4959
651 432 716 496 nol.
739 433 821 497 34a.

530 627 533 633 ’
624 618 904 699 Ilionam.)

405 773 430 832 4,
450 770 557 820 11-14.

220 944 251 998 et
272 955 344 998 arca
365 938 413 998 dai
434 939 556 1001 sublata
577 948 623 1000 est

219 1076 251 1130 at
271 1071 359 1133 ambo
381 1071 434 1134 filii
456 1073 494 1134 aii
516 1074 623 1137 mortni

219 1212 289 1266 annt
309 1206 369 1266 ofni
390 1216 421 1267 et
442 1207 545 1286 pinnas

220 1347 250 1400 et
271 1341 402 1402 cucurrit
423 1340 469 1403 nir
489 1342 566 1404 iam·

219 1494 290 1536 nana
312 1476 349 1535 da
372 1476 465 1538 aciab'
487 1478 524 1538 eii
548 1454 595 1538 et:

218 1610 300 1671 nanit
321 1611 351 1672 in
373 1611 465 1673 selom
487 1612 517 1673 in
541 1611 593 1674 illa

218 1742 275 1807 dia.
320 1744 362 1806 Et
384 1745 564 1807 uestimenta

218 1879 280 1940 eins
301 1888 388 1941 arant
408 1881 557 1942 conscissa

217 2023 247 2073 et
268 2014 383 2075 iarabat
406 2034 495 2094 snper
517 2025 608 2095 capnt

219 2149 335 2210 einana
358 2150 449 2211 uenit.
493 2152 534 2213 Et
556 2171 623 2213 anca

219 2281 257 2343 eii
278 2284 404 2345 sedebat
426 2285 455 2345 in
478 2285 581 2348 sellam

217 2438 302 2479 suam
325 2422 363 2479 ad
388 2428 505 2500 portam
530 2428 560 2481 et
583 2440 638 2482 ex-

217 2552 356 2631 plorabat
376 2555 414 2615 ad
437 2554 515 2616 niam
540 2556 610 2635 qnia

220 2698 283 2747 erat
306 2707 355 2750 eor
377 2690 439 2751 eins
462 2689 622 2752 sollicitum

221 2839 273 2898 pro
295 2841 364 2885 arca
386 2824 443 2887 dai.
486 2826 529 2887 Et
550 2826 637 2888 homo

220 2954 345 3017 intrauit
366 2959 517 3021 nuntiaret

219 3088 248 3150 in
274 3090 427 3153 ciuitatem
450 3106 479 3153 et
501 3114 554 3156 ex·
663 3168 665 3173 ,

220 3225 363 3287 clamauit
386 3228 493 3291 oinitns
515 3241 547 3292 et
569 3242 570 3246 ’

220 3360 344 3420 audiena
366 3361 404 3421 eii
426 3362 467 3422 ibi
491 3382 591 3425 nonam

220 3494 350 3555 clamans
374 3504 405 3555 et
427 3496 503 3558 dixit

221 3628 287 3709 quis
308 3630 419 3691 clamor
442 3632 521 3693 nonis
544 3631 629 3693 hnina

221 3776 252 3823 et
273 3764 361 3826 homo
383 3784 546 3845 properans
563 3766 611 3826 in-

221 3898 314 3961 trauit
338 3912 366 3959 et
388 3900 536 3962 nuntiauit

222 4032 268 4094 aii.
313 4036 353 4095 Et
374 4034 414 4095 eii
437 4037 599 4115 nonaginta

222 4186 363 4230 &liliorum
387 4180 452 4231 emi
474 4184 502 4229 Θῑ

967 776 993 833 4,
1013 771 1120 822 14-18.

1057 874 1268 881 ψ.-

796 940 873 1003 nauli
896 940 959 1001 ains
981 939 1088 1001 intanti
1110 940 1160 1001 ni·

797 1073 839 1135 hil
861 1076 1006 1137 uidebant
1027 1086 1058 1135 at
1080 1073 1158 1136 dixit

797 1209 856 1271 hali
880 1209 953 1272 ninia
974 1209 1170 1271 circumstan-
1276 1274 1279 1279 ¹
1308 1254 1313 1261 .

797 1344 879 1405 tibna
902 1344 968 1424 qnia
991 1353 1038 1405 ant
1059 1362 1118 1406 unx
1140 1352 1171 1405 at

796 1480 919 1543 sonitus.
963 1475 1024 1547 Qui
1048 1479 1131 1540 uenit
1152 1479 1239 1548 homo

796 1631 961 1693 properans
982 1614 1108 1675 intrauit

797 1748 835 1809 ad
859 1747 919 1808 hali
942 1758 973 1807 et
994 1746 1137 1822 dixitiili
1158 1766 1212 1825 ago

797 1901 862 1945 snm
885 1883 936 1963 qui
958 1882 1026 1944 nani
1048 1882 1085 1942 da
1108 1881 1216 1943 nastris

797 2026 828 2079 at
851 2036 905 2097 agn
926 2018 986 2094 iugi
1006 2017 1042 2078 da
1065 2016 1127 2077 acie
1146 2016 1204 2077 hn-

798 2152 846 2213 dia
868 2161 900 2213 at
920 2152 998 2213 dixit
1021 2150 1060 2212 eli
1082 2150 1153 2231 qnid

797 2287 908 2349 iactum
931 2296 979 2348 eat
999 2286 1050 2350 fiii.
1094 2285 1136 2347 Et
1159 2262 1222 2346 raa-

797 2422 903 2500 pondit
924 2440 998 2499 puer
1017 2427 1048 2480 et
1070 2420 1146 2481 dixit

797 2554 872 2632 fugit
893 2556 940 2616 nir
961 2554 1048 2615 israel
1071 2573 1090 2613 a
1113 2555 1188 2615 sanie

798 2689 1030 2769 alienigenarum

798 2832 829 2884 at
853 2825 933 2886 facta
954 2834 1000 2884 ast
1021 2823 1111 2903 plaga
1133 2840 1215 2897 mag·

798 2960 889 3020 nain
913 2959 1053 3039 populum
1079 2966 1109 3017 et
1131 2977 1198 3018 am-

799 3094 839 3154 bo
858 3092 910 3154 iiiii
932 3092 976 3153 tui
997 3092 1104 3153 mortni
1126 3101 1196 3153 sunt

800 3236 830 3289 et
852 3247 923 3289 area
945 3226 993 3289 dai
1016 3237 1106 3306 capta
1128 3238 1173 3286 est

801 3372 831 3423 et
853 3363 964 3423 iactum
987 3373 1032 3420 est
1055 3380 1120 3422 anm

802 3504 982 3556 memoratus
1002 3506 1049 3556 est
1072 3497 1108 3555 de
1127 3515 1176 3556 ar·

801 3650 838 3692 oa
859 3630 906 3692 dei
930 3630 1038 3691 oeaidit
1059 3632 1182 3709 anpinns

801 3774 906 3828 contra
927 3773 1044 3845 portam
1069 3777 1098 3824 at
1120 3785 1192 3827 aon-

801 3901 903 3962 tritnm
926 3911 972 3960 est
994 3903 1112 3962 dorsum
1135 3921 1169 3961 a·

801 4034 848 4095 ius
870 4046 899 4094 et
922 4045 1054 4097 mortuns
1076 4045 1122 4096 est
1143 4034 1213 4114 qnia

801 4169 888 4230 homo
910 4188 1001 4230 senex
1023 4181 1054 4228 et
1075 4170 1173 4247 granis
