3325 4959
579 492 583 499 ·
694 465 759 529 ud.
783 464 863 529 382.

652 651 667 713 1
689 650 761 730 aeg.
783 650 811 730 (1
836 649 937 730 eam.)

425 806 465 865 14,
483 805 592 853 ea-eu.

237 987 323 1033 ouem
348 953 417 1033 εἰῇ.
462 954 502 1033 Et
525 971 670 1035 ienathau

238 1124 295 1167 non
319 1106 460 1169 audiebat
483 1115 598 1188 patrem

238 1259 323 1303 suum
346 1241 533 1304 adiurantem
557 1260 614 1321 po-

236 1373 339 1454 pulum
363 1387 393 1437 et
417 1379 581 1441 extendens
604 1398 688 1443 eum·

236 1525 315 1570 mam
336 1520 452 1590 partem
477 1513 578 1593 uirgae
600 1533 649 1576 re-

236 1642 338 1723 gulare
360 1663 436 1725 quae
460 1649 577 1710 eratin
601 1632 694 1713 manu

235 1777 300 1839 eius
323 1787 355 1840 et
378 1780 464 1841 unxit
485 1782 515 1843 in
538 1766 611 1845 lau'u

234 1911 331 1980 mellis
354 1923 384 1974 et
405 1915 549 1995 adplicuit
571 1917 600 1979 in

235 2063 359 2109 manum
381 2067 466 2111 suam
489 2052 527 2113 ad
550 2072 582 2115 os
605 2036 670 2116 suis.

199 2148 201 2151 Ι
233 2179 276 2241 Et
298 2180 355 2244 uisi
379 2188 546 2249 suntoculi
570 2188 643 2251 eius.

232 2313 275 2375 Et
296 2318 450 2396 respondit
472 2340 548 2384 unus
570 2324 606 2385 de

231 2448 341 2529 populo
365 2461 396 2513 et
418 2453 494 2515 dixit
517 2455 600 2518 iura-

232 2581 313 2646 tione
338 2584 451 2651 iurauit
473 2600 560 2669 pater
581 2601 650 2654 tuus

156 2679 160 2685 ¹
233 2719 345 2797 pupulo
369 2721 471 2785 dieeus
494 2725 588 2786 male-

235 2849 331 2914 dictus
354 2842 443 2918 hemo
465 2859 514 2938 qui
538 2879 625 2921 mau-

232 2952 392 3049 ducauerit
414 3009 521 3070 panem
544 2994 633 3057 hodie

230 3128 261 3179 et
284 3120 426 3186 defecerit
447 3127 582 3206 pupulus.
627 3132 668 3193 ut

228 3252 307 3321 dixit
328 3255 472 3320 iouathau
495 3263 626 3341 perdidit

227 3396 315 3468 pater
338 3408 421 3454 meus
445 3404 554 3457 terram
578 3418 653 3479 quo-

226 3523 306 3585 niam
332 3524 474 3590 uiderunt
497 3531 577 3592 oeuli-

226 3658 283 3720 mei
302 3659 373 3739 quia
396 3664 514 3743 gustaui
539 3666 634 3727 medi·

225 3810 290 3854 uum
315 3795 413 3857 mellis
435 3797 532 3861 huius.
576 3799 656 3861 Sed-

224 3938 254 3990 et
277 3932 503 3994 mandueauerit
524 3952 622 4013 popu·

223 4062 270 4124 lua
291 4063 379 4127 hodie
401 4069 545 4145 praedam
569 4070 669 4131 inimi·

988 808 1028 867 u,
1046 808 1154 855 eu-aa.

1056 903 1338 913 *μ*

811 988 912 1031 uorum
934 973 1066 1053 suo(rum
1089 1019 1098 1036 .
1121 1020 1127 1033 .
1151 1016 1159 1033 .
1181 1019 1190 1036 .
1213 971 1226 1050 )

810 1124 914 1194 aenne
929 1104 1034 1188 plupa
1053 1107 1159 1171 maior
1189 1104 1341 1190 (faiaeet)

811 1237 1051 1317 alienigenarum.
1080 1243 1135 1328 'Et
1155 1243 1306 1323 per(uua-)

811 1373 904 1437 sitin
928 1376 984 1438 hee
1006 1376 1052 1437 die
1075 1378 1112 1438 de
1133 1375 1238 1460 a(lie-)

757 1526 759 1533 ’
813 1507 928 1590 nigeuia
950 1528 988 1571 ex
1007 1487 1170 1575 machmas.
1214 1511 1343 1596 Et(iu·)

811 1642 906 1705 trauit
926 1645 1054 1724 populus
1077 1647 1164 1708 ualde
1187 1656 1218 1709 et
1240 1645 1339 1725 (eom)
1377 1616 1381 1626 Ι

810 1786 946 1857 spectum
971 1790 1036 1841 erat
1058 1782 1186 1862 populus
1208 1782 1238 1843 iu

809 1913 945 1991 predam.
990 1914 1030 1976 Et
1052 1917 1169 1995 accepit
1190 1936 1287 1997 popu·

812 2045 858 2106 lus
880 2064 984 2127 greges
1005 2068 1105 2111 eurum
1127 2070 1199 2112 oues

812 2187 844 2240 et
864 2179 975 2244 uitulus
998 2192 1028 2243 et
1050 2184 1223 2249 oeciderunt

807 2314 838 2375 iu
860 2324 980 2379 terram.
1024 2318 1066 2379 Et
1089 2321 1255 2383 manduca·

809 2461 915 2513 uerunt
937 2452 1047 2516 uituloe
1068 2473 1134 2516 eum
1157 2456 1280 2535 sangui-

785 2550 788 2651 l
813 2603 860 2649 ne.
904 2586 944 2646 Et
966 2589 1181 2652 nuntiauerunt

810 2718 876 2780 saul
898 2720 1032 2785 dieentes
1053 2708 1215 2803 peceauer'l

808 2857 934 2937 papulus
957 2840 1024 2919 dm>
1048 2861 1174 2922 mandu-

807 2991 889 3053 cauit
911 2992 987 3054 enim
1011 2993 1204 3073 sanguinem.

806 3126 918 3189 uitulie.
960 3128 1002 3189 Et
1018 3126 1101 3208 dixit
1123 3127 1188 3189 saul
1212 3129 1278 3190 uul-

803 3263 867 3324 uite
889 3261 946 3322 hoe
969 3261 1041 3323 mihi
1064 3262 1192 3343 lapidem
1216 3283 1301 3342 mag-

804 3415 885 3459 num.
928 3396 968 3457 Et
991 3396 1069 3458 dixit
1090 3398 1155 3458 saul
1177 3417 1266 3477 spar-

804 3529 862 3591 eite
884 3549 938 3592 uua
959 3531 987 3592 in
1011 3531 1121 3610 popule
1143 3542 1172 3591 et
1196 3533 1243 3594 di-

804 3665 862 3727 eite
884 3664 943 3727 illie
965 3665 1105 3726 adducite
1127 3665 1183 3728 hoc

800 3799 1003 3879 unusquisque
1027 3798 1152 3862 uitulum

798 3952 884 3997 euum
904 3944 934 3993 et
957 3933 1156 4015 uuusquisque
1180 3956 1215 3998 o-

797 4090 863 4133 uem
887 4087 982 4131 suam.
1026 4068 1068 4129 ut
1087 4072 1217 4135 occidite

795 4224 884 4286 super
907 4205 1033 4286 lapidem
1057 4206 1113 4268 hoc
