3325 4959
661 440 727 503 sol.
751 438 809 504 'Is

599 622 910 707 mmmm)

393 783 560 847 11,10—1s.
653 752 663 773 ⁸

206 954 388 1021 descendisti
410 954 439 1014 in
462 931 558 1013 dcmd'

208 1102 288 1154 tuum
311 1101 342 1151 et
363 1086 440 1151 dixit
463 1085 543 1148 urias
566 1063 569 1068 ¹

207 1229 246 1289 sd
270 1226 354 1288 dsuit
376 1242 447 1286 arca
469 1202 535 1283 dn]
553 1227 585 1280 ct

205 1360 298 1425 israel
320 1369 350 1421 ct
372 1359 458 1420 iudas
477 1353 567 1416 habi·

108 1487 110 1491 ’
206 1506 276 1559 tsnt
299 1495 329 1557 in
349 1488 551 1555 tabernaculis

205 1623 240 1677 ct
261 1613 399 1676 dominus
422 1627 504 1671 meus
523 1607 592 1668 icsb

209 1761 238 1811 et
260 1748 338 1811 serui
358 1744 468 1809 domini
490 1742 549 1805 mci

207 1886 239 1947 in
261 1886 367 1947 iaciem
390 1880 489 1961 campi
511 1878 612 1959 requi-

207 2031 309 2083 escent
332 2028 363 2079 et
384 2035 436 2094 ego
459 1995 580 2077 inuadi-

211 2158 241 2218 in
264 2157 382 2218 domum
406 2140 502 2214 me'sm
526 2168 612 2211 man-

208 2292 313 2355 ducari
334 2299 365 2350 et
386 2289 486 2348 bibere
508 2295 540 2347 et

106 2426 108 2430 ’
208 2427 337 2491 dormire
360 2444 424 2488 cum
447 2440 568 2485 uxorem

207 2581 304 2624 mcsm
327 2562 391 2623 iuro
411 2576 466 2639 per
488 2557 581 2619 uitam

207 2696 325 2756 animae
344 2704 415 2756 tuae
436 2693 462 2755 si
484 2694 612 2753 feceram

212 2830 288 2891 hanc
306 2849 365 2891 rsm
388 2840 418 2889 et
440 2830 517 2890 dixit
535 2826 620 2889 dauit

210 2973 246 3026 st
270 2963 364 3025 uriam
388 2965 451 3024 redi
475 2962 524 3024 hic
546 2973 577 3024 ct
599 2960 656 3023 hc·

208 3098 258 3161 dic
280 3108 312 3160 ct
333 3117 399 3160 cras
418 3099 567 3160 dimittam
591 3109 621 3158 te

206 3242 239 3294 et
258 3234 336 3296 sedit
357 3233 437 3296 urias
459 3234 490 3294 in
513 3234 614 3295 hieru-

205 3370 301 3433 salem
322 3370 351 3430 in
375 3370 422 3430 die
445 3368 502 3429 hac
525 3379 554 3428 et
577 3368 625 3428 ci-

208 3501 278 3552 cera
299 3489 346 3551 dic
371 3496 401 3547 et
425 3488 541 3549 uocauit
565 3504 630 3547 cum

208 3624 295 3684 dauit
318 3632 349 3682 ct
370 3623 562 3684 manducauit

207 3769 241 3819 et
266 3758 343 3820 bibit
366 3776 466 3819 coram
487 3758 570 3819 dauit
593 3766 622 3817 st

208 3893 373 3955 inebriatus
397 3902 442 3954 est
465 3901 495 3952 st
518 3893 574 3954 da·
640 3973 642 3977 .

209 4026 255 4088 uit
277 4027 357 4090 misit
378 4029 466 4090 domo
488 4029 540 4089 sed
563 4029 633 4089 dor-

209 4159 296 4224 miuit
317 4162 346 4223 in
370 4162 445 4224 lecto
468 4182 533 4224 cum
556 4181 632 4242 pue·

790 962 823 1006 rc
843 931 955 1005 domini
975 943 1022 1005 sui
1037 942 1067 1002 in
1089 923 1180 1003 doum

788 1086 889 1141 cutem
911 1096 995 1140 suam
1014 1095 1072 1138 non
1095 1076 1149 1137 ds-

787 1212 905 1275 scsndit
927 1220 958 1273 st
979 1213 1090 1285 iactum
1114 1220 1161 1271 cst
1183 1228 1249 1271 ms·

789 1367 827 1409 nc
847 1357 878 1408 ct
899 1345 1020 1425 scripsit
1041 1345 1127 1407 dauit
1148 1343 1188 1406 li·

789 1483 900 1544 beilum
923 1482 962 1543 cd
985 1480 1055 1542 iccb
1076 1490 1106 1540 st
1129 1478 1212 1540 misit

788 1636 844 1699 per
864 1635 982 1679 manum
1006 1616 1088 1677 urias
1109 1624 1140 1673 et

788 1751 909 1831 scripsit
930 1751 960 1812 in
984 1749 1087 1812 libeiio
1105 1747 1211 1810 dicens

787 1888 874 1949 trade
897 1886 983 1950 mian
1006 1885 1036 1945 in
1058 1865 1166 1964 pugn'a'

786 2021 918 2085 ualidam
940 2030 975 2082 ut
997 2019 1140 2081 moriatur

788 2158 951 2218 etinctum
975 2166 1020 2217 cst
1042 2175 1107 2217 cum
1132 2154 1189 2215 cb-

785 2291 859 2353 sidit
879 2292 949 2353 ioab
972 2290 1125 2352 ciuitatem
1149 2309 1234 2350 amo·

788 2445 844 2487 nac
868 2426 950 2487 misit
972 2427 1056 2487 uricn
1079 2426 1108 2486 in
1133 2426 1178 2485 io-

787 2579 854 2623 cum
875 2560 1035 2640 pcssimum
1057 2559 1109 2622 ubi
1129 2559 1207 2620 scis-

787 2696 843 2757 bat
865 2697 936 2776 quis
956 2695 1012 2757 uiri
1035 2697 1128 2757 tortos
1149 2715 1182 2755 e-

788 2839 858 2892 rant
879 2840 910 2892 et
932 2833 1069 2894 exierunt
1092 2831 1147 2893 uiri

789 2965 923 3027 ciuitatis
946 2974 978 3026 st
999 2975 1207 3047 pugnauerunt

788 3120 855 3163 cum
878 3101 948 3163 iosb
969 3111 1002 3162 et
1021 3101 1149 3163 caecidit
1170 3100 1215 3161 io-

789 3238 828 3299 cb
851 3236 1020 3317 dcpopulo
1042 3218 1175 3298 secundis

785 3382 979 3452 pracceptum
1004 3372 1086 3433 dsuit
1108 3384 1139 3431 ct

787 3497 921 3551 mortuus
944 3498 990 3551 est
1011 3490 1091 3550 urias
1112 3490 1239 3551 hctasus

789 3634 819 3686 ct
839 3623 920 3685 misit
941 3623 1011 3685 iocb
1033 3633 1063 3684 et
1086 3623 1188 3686 nunti-

790 3758 855 3820 auit
874 3760 959 3821 dauit
980 3759 1082 3819 omnia
1105 3759 1198 3819 uerba

791 3891 897 3974 proelii
920 3903 951 3955 ct
973 3893 1129 3974 praecepit
1151 3913 1228 3954 nun-

792 4027 851 4089 tios
873 4028 975 4090 dicens
999 4027 1133 4089 nuntiate
1157 4029 1220 4107 regi

792 4163 893 4224 omnia
914 4164 1009 4226 uerba
1031 4163 1101 4223 beili
1128 4163 1251 4243 loquens

784 4298 829 4358 'ad
858 4315 956 4376 regem
