3325 4959
833 452 897 514 Fet.
918 452 938 515 5
957 453 986 514 b.

763 638 779 699 1
802 638 877 718 th·
900 638 929 719 (Ι
951 637 1047 715 Sem.)

548 796 572 853 o,
590 795 696 840 or-er.

722 894 890 901 „w

1056 795 1081 853 e,
1100 795 1213 849 oe-or;
1235 794 1273 850 ro,
1294 796 1316 839 1.

1093 893 1239 900 ——OE-

356 961 420 1023 seul
444 972 475 1022 et
497 959 574 1021 dixit
595 959 638 1018 eis
660 977 717 1020 non
740 959 818 1021 filius
901 1001 904 1048 Ι
935 977 1024 1039 oerpe
1047 968 1077 1019 et
1099 958 1292 1021 monduotuit

355 1096 478 1157 iemenei
500 1114 553 1175 ego
576 1113 641 1155 sum
665 1095 752 1155 etde
775 1092 833 1153 mi·
901 1067 904 1148 i
937 1095 1003 1155 seui
1026 1112 1092 1156 oum
1114 1094 1228 1155 semuei
1250 1094 1280 1155 in
1302 1094 1354 1155 ilie

356 1230 436 1291 nima
458 1230 537 1291 tribu
560 1227 650 1292 isreel
673 1236 703 1287 et
725 1246 797 1308 eog-

357 1364 436 1426 nrtio
460 1383 526 1424 mee
549 1364 671 1425 minime
693 1373 738 1423 est
759 1380 825 1424 om-

356 1499 442 1561 nibus
463 1498 690 1579 cognationibus

355 1632 492 1713 cognatio
514 1633 663 1694 beniamin
689 1642 720 1692 et

356 1768 383 1829 iu
408 1768 477 1848 quid
500 1768 614 1828 loeutus
637 1786 669 1827 es
692 1767 729 1827 ed
754 1785 799 1844 me

354 1905 516 1964 seeundum
539 1902 595 1962 hoo
615 1905 748 1964 uerbum.

355 2048 386 2098 et
408 2036 522 2117 uooepit
543 2036 656 2098 samuel
678 2036 742 2097 seul
766 2044 797 2096 ot

354 2189 477 2251 puerum
499 2172 563 2233 eius
586 2182 616 2230 et
635 2170 755 2232 induxit

279 2394 282 2401 ,
355 2308 383 2367 in
406 2305 566 2385 hospitium
590 2317 620 2365 et
642 2324 713 2367 oon-

355 2439 456 2503 stituit
478 2439 537 2501 illie
558 2440 653 2503 locum
677 2441 755 2503 iuter

355 2576 467 2655 primos
488 2576 631 2637 inuitatos
652 2576 702 2656 qui
725 2594 794 2637 ere-

357 2722 391 2773 nt
413 2714 488 2803 ierro
511 2712 701 2791 septuaginta
723 2711 778 2772 uiri

355 2856 385 2907 et
407 2846 486 2907 dixit
507 2846 621 2907 samuel
644 2864 737 2925 eoquo
760 2848 800 2906 de

356 2980 427 3042 mihi
451 2989 564 3060 portem
587 2997 674 3059 quam
697 2981 764 3040 dedi

356 3116 410 3177 tibi
432 3126 462 3175 et
484 3114 544 3174 dixi
568 3112 632 3175 uiro
655 3132 762 3193 ponere

355 3270 418 3311 eom
440 3260 514 3330 aput
536 3261 575 3311 te.
619 3249 658 3310 Et
677 3249 800 3331 leuauit:
814 3252 890 3313 ooli·

297 3389 301 3397 '
354 3386 455 3463 phium
479 3393 594 3444 oootum
618 3396 649 3444 et
670 3384 771 3463 posuit

280 3521 281 3525 ’
354 3540 419 3582 eum
442 3530 512 3580 ante
534 3519 598 3579 seul
622 3530 653 3579 et
675 3538 760 3580 mou-

327 3660 330 3666 '
354 3656 474 3718 duoauit
496 3654 569 3716 seul.
615 3654 656 3714 Et
679 3653 829 3755 dixitflse-

354 3791 430 3852 rouel
453 3809 519 3852 eooe
542 3789 684 3870 reliquom
707 3807 763 3867 po-

282 4006 283 4010 *
353 3946 388 3986 ue
412 3935 481 3986 ente
505 3936 533 3983 te
559 3936 590 3984 et
611 3925 757 3985 mandute

351 4060 487 4141 quonium
510 4060 539 4119 in
563 4040 734 4122 testimonii

350 4194 479 4274 positum
503 4194 558 4254 tibi
581 4206 627 4257 est
649 4214 667 4255 e
689 4195 797 4274 populo

937 1227 995 1291 die.
1030 1230 1070 1290 Et
1081 1229 1297 1289 descenderunt
1307 1230 1344 1290 de
1361 1229 1450 1289 borno

936 1361 967 1424 in
990 1362 1141 1425 oiuitetem
1165 1372 1196 1423 et
1217 1363 1341 1424 deduxit

936 1497 1002 1559 seul
1023 1498 1051 1559 in
1075 1500 1162 1558 domo
1185 1506 1216 1557 et
1236 1496 1346 1558 dormit

935 1642 966 1692 et
989 1631 1188 1712 proximadie
1211 1643 1241 1694 et
1263 1614 1347 1695 suot-u

935 1774 982 1829 est
1004 1785 1071 1828 oum
1093 1770 1268 1828 aseenderet
1288 1768 1341 1829 lux

936 1901 1057 1962 uooeuit
1078 1902 1192 1964 samuel
1213 1903 1279 1965 seul
1301 1902 1331 1964 in

936 2035 1055 2096 domum
1079 2036 1181 2098 dioons
1203 2056 1330 2119 exsurge

934 2182 965 2231 et
995 2170 1113 2233 dimitto
1140 2182 1180 2234 te.
1224 2172 1264 2234 Et
1283 2172 1449 2235 exsurrexit

934 2305 1010 2367 suoi.
1055 2306 1095 2367 Et
1116 2306 1210 2368 exioit
1232 2306 1298 2387 ipse
1318 2318 1349 2368 et

937 2441 1053 2501 samuel
1076 2441 1153 2502 inde.
1197 2442 1239 2504 Et
1260 2442 1385 2504 deseen-

937 2576 1044 2636 deruot
1065 2576 1095 2637 in
1120 2577 1182 2637 loeo
1204 2595 1318 2638 summo

937 2710 1077 2775 ciuitatis.
1123 2711 1162 2771 Et
1184 2710 1260 2771 dixit
1283 2712 1396 2773 samuel

936 2847 975 2906 od
997 2846 1061 2907 seul
1083 2846 1132 2906 dio
1154 2862 1244 2924 puero
1267 2854 1301 2906 ut
1322 2855 1407 2906 tron-

937 2988 1006 3042 eeot
1020 2988 1094 3043 ante
1107 3000 1175 3043 rroe.
1218 2978 1266 3042 Er
1280 2987 1316 3041 tte
1326 2978 1449 3060 perrie-

937 3122 967 3177 u
986 3115 1023 3177 oz
1044 3115 1124 3177 uera
1145 3083 1201 3178 ree
1222 3115 1312 3178 route
1331 3122 1362 3178 er

936 3251 1057 3315 esame·
1070 3253 1202 3313 whom
1212 3232 1280 3313 dorsi
1291 3257 1321 3313 et
1330 3250 1451 3331 aceepit

935 3387 1048 3447 mmuei
1071 3405 1126 3447 uos
1147 3386 1204 3446 olei
1227 3394 1259 3445 et
1279 3403 1385 3465 super·

934 3520 1013 3582 fudit
1034 3540 1122 3601 super
1144 3529 1236 3600 eaput
1257 3520 1321 3580 eius

935 3667 966 3716 et
987 3656 1140 3717 oseulatae
1162 3674 1228 3716 eum
1251 3664 1281 3714 et

935 3791 1014 3853 dixit
1035 3790 1061 3850 ei
1085 3791 1171 3850 unxit
1192 3786 1220 3848 te
1244 3769 1310 3851 dn'r'e

934 3927 961 3986 in
986 3926 1149 4004 prinoipem
1172 3942 1261 4004 super
1282 3942 1338 4003 po-

932 4060 1032 4141 pulum
1055 4077 1140 4120 suum
1163 4058 1251 4119 israel
1275 4070 1306 4119 ot
1327 4069 1359 4118 tu

930 4194 1068 4274 regnabis
1093 4194 1122 4254 in
1151 4194 1260 4273 populo
1290 4176 1350 4253 dmi
