3325 4959
552 378 562 397 ·
661 428 725 491 For.
750 427 808 491 ba.

610 613 625 673 Ι
648 612 721 692 Reg.
744 612 774 691 (1
796 610 896 689 Sam.)

418 771 456 828 10,
477 769 550 814 1-3.

417 870 485 877 ...,--

209 949 241 999 et
262 936 395 999 salnabis
412 954 479 997 enm
503 937 539 994 de
562 952 650 995 mann

210 1072 393 1135 inimieorum
415 1088 534 1132 suorum
557 1068 607 1149 qni

210 1201 281 1269 snn't
300 1206 328 1269 in
352 1206 481 1267 circuitu.
524 1205 591 1265 Hnn

212 1341 268 1403 erit
289 1341 344 1403 tibi
366 1340 480 1417 signum
504 1340 611 1419 qnoni-

210 1494 257 1536 am
279 1474 364 1537 unxit
387 1487 417 1536 te
439 1456 506 1536 ὦ
527 1492 616 1553 snper

145 1688 148 1695 Ι
209 1610 404 1691 hereditatem
428 1629 510 1671 suam
533 1610 563 1669 in
585 1608 668 1688 prin·

209 1716 313 1821 eipem.
357 1743 432 1805 Cum
455 1744 573 1805 abieras
595 1762 614 1803 a
636 1762 682 1805 me

210 1881 296 1942 hodie
319 1878 452 1940 inuenies
474 1880 548 1939 dues
571 1878 618 1939 ni-

210 2035 257 2076 ros
278 2016 316 2076 ad
340 2024 561 2074 monumentum
585 2013 685 2074 raehel

131 2208 133 2213 .
209 2150 239 2212 in
260 2149 368 2209 finibus
391 2148 539 2209 beniamin

210 2286 391 2346 reluctantes
413 2283 463 2344 hie
485 2294 516 2345 et
538 2282 650 2345 salien-

154 2409 467 2498 'mmmm

205 2552 305 2615 dicent
328 2552 381 2614 tibi
404 2554 542 2616 inuentae
565 2573 601 2613 a·

205 2687 287 2747 sinae
309 2700 378 2750 tuae
401 2707 475 2769 quas
498 2700 529 2750 et
551 2690 595 2750 ie-

206 2838 415 2900 rasqnaerere
438 2836 468 2883 et
492 2844 559 2885 eeee

206 2965 292 3031 pater
313 2924 381 3017 tuns
405 2960 486 3020 multi
509 2961 593 3022 solli-

204 3088 279 3150 eitns
302 3090 330 3149 in
355 3092 446 3153 uerba
467 3096 616 3157 asinarum

204 3235 234 3285 et
256 3224 399 3287 sollicitus
422 3238 468 3288 est
490 3230 526 3288 de
549 3250 604 3291 no·

204 3360 248 3420 bis
271 3362 372 3423 dicens
395 3362 463 3441 qnid
487 3364 594 3425 faeiem

202 3500 238 3555 de
260 3496 319 3558 filio
343 3516 408 3557 meo
431 3506 461 3556 et
482 3496 539 3556 ibis
560 3496 608 3558 in-

202 3632 237 3691 de
260 3642 292 3691 et
311 3630 437 3691 uenieris
459 3632 528 3692 inde
551 3635 589 3693 ad

200 3766 334 3827 arborem
358 3768 468 3828 thabor
490 3767 574 3828 elee-

167 3983 170 3988 Α
200 3914 249 3961 tae
273 3914 303 3961 et
323 3901 456 3964 inuenies
479 3913 540 3963 tres

201 4036 279 4097 uires
300 4041 494 4099 ascendentes
516 4048 549 4098 at

201 4151 251 4229 dm
271 4171 299 4229 in
324 4173 400 4232 betei
424 4191 512 4234 unum

964 766 1006 822 10,
1025 766 1100 812 a-t.

787 934 931 994 terentem
954 945 1015 994 tres
1038 933 1130 993 hedes

788 1077 819 1129 et
840 1087 930 1130 unum
952 1069 1094 1129 ferentem
1120 1067 1178 1129 tria

788 1204 937 1265 eanistrea
958 1222 1024 1264 eum
1046 1202 1173 1282 panibus

788 1348 819 1399 et
841 1358 929 1399 unum
953 1347 1121 1417 portantem
1141 1320 1216 1399 utre

789 1472 858 1534 uini.
904 1474 944 1533 Et
966 1473 1113 1551 rogabunt
1136 1483 1166 1533 te
1188 1492 1262 1553 paee

790 1618 820 1668 et
842 1609 956 1669 dabunt
977 1608 1033 1667 tibi
1056 1609 1130 1669 duas
1153 1607 1208 1669 tri-

789 1761 837 1804 nm
860 1762 969 1822 panum
992 1752 1023 1803 et
1044 1744 1178 1822 aceepies

788 1896 824 1937 ee
846 1896 865 1936 a
887 1895 975 1938 manu
997 1897 1095 1939 eorum
1119 1891 1149 1939 et
1171 1890 1238 1959 post

787 2011 864 2072 haee
884 2012 1004 2072 intratis
1026 2012 1054 2073 in
1078 2014 1182 2106 eoiiern

788 2147 834 2207 dei
858 2148 908 2208 nbi
931 2161 976 2209 est
990 2149 1186 2211 resuscitatio

787 2282 1017 2361 alienigenarum
1041 2294 1072 2345 et
1094 2283 1146 2345 iiet

788 2436 853 2478 eum
878 2418 993 2479 ueneris
1014 2419 1055 2480 ibi
1078 2418 1108 2479 in
1130 2419 1204 2480 eini-

787 2563 850 2614 tate
863 2554 980 2614 obuiam
997 2554 1054 2614 ires
1066 2554 1215 2615 eohortem
1226 2572 1297 2633 pre·

785 2689 941 2768 phetnrum
964 2690 1148 2750 descenden-

749 2886 751 2913 ε
784 2824 857 2884 tium
880 2826 916 2884 de
940 2824 1014 2885 eollo
1037 2833 1068 2883 et
1089 2835 1160 2884 ante

783 2978 834 3020 eos
855 2958 984 3021 cimbala
1005 2972 1036 3018 et
1058 2971 1204 3039 tympana

784 3102 815 3153 et
837 3092 909 3153 tibia
933 3105 964 3153 et
986 3093 1110 3155 eithara.
1153 3094 1195 3154 Et
1216 3092 1264 3171 ip-

783 3230 808 3290 si
829 3229 858 3289 hi
881 3227 1141 3308 prophetanernnt.
1185 3229 1226 3290 Et
1247 3229 1295 3287 in-

783 3364 864 3424 siliet
884 3364 913 3424 in
937 3376 966 3424 te
988 3364 1112 3443 spiritns
1135 3345 1203 3456 dmi.

782 3509 813 3558 et
836 3498 1029 3577 prophetabis
1051 3518 1117 3560 eum
1142 3500 1200 3559 iliis

695 3666 699 3678 ·
783 3644 813 3693 et
836 3643 1026 3695 conuerteras
1047 3634 1076 3694 in
1102 3615 1169 3695 uitii

782 3766 873 3830 alium
897 3788 963 3830 enm
988 3770 1122 3831 uenerint

782 3922 850 3983 erge
873 3904 946 3966 haee
967 3906 1052 3982 signa
1073 3922 1163 3984 snper

780 4053 810 4102 te
832 4041 879 4101 iae
899 4042 999 4101 emnia
1021 4060 1222 4125 quaecumque

780 4171 924 4237 inuenerit
945 4175 973 4234 in
999 4196 1103 4237 manus
1124 4187 1200 4241 tuae.
