3325 4959
806 438 872 503 Fol.
894 437 977 504 3911.
1053 404 1056 407 ⁴

761 626 775 686 1
791 581 918 705 Rem-(1
934 624 1033 704 Sem.)

542 786 564 841 1,
585 780 692 829 14-18.

347 883 357 889 ,
366 880 879 891 ——-————-——--

346 948 386 1009 ad
409 966 473 1008 cem
497 966 569 1027 puer
591 946 651 1009 heli

348 1101 441 1163 usqne
465 1100 522 1162 quo
544 1081 676 1144 inebrie-

344 1224 377 1276 te
399 1236 442 1279 es.
485 1215 670 1278 Circumcide
693 1215 741 1278 ui·

345 1370 416 1412 num
438 1361 522 1412 tunm
546 1361 577 1412 et
598 1350 696 1412 disce·

344 1488 381 1546 de
402 1505 423 1547 o
444 1486 548 1547 ieciem
572 1468 642 1550 dmi.
688 1486 728 1548 Et

343 1620 496 1700 respondit
517 1639 596 1683 enne
618 1630 649 1682 et

344 1755 421 1816 dixit
442 1774 500 1818 non
527 1739 594 1819 dme
617 1775 655 1817 ne

300 1978 308 1985 ·
344 1890 448 1953 mulier
470 1892 545 1952 dure
567 1889 631 1951 dies
644 1908 687 1973 e·

344 2044 379 2104 go
402 2045 467 2087 sum
492 2035 522 2085 et
544 2025 644 2086 uinum

343 2169 375 2221 et
397 2160 572 2223 ebrietatem
595 2178 653 2220 non

343 2294 424 2357 bibo.
464 2293 525 2357 Sed
549 2294 666 2356 effundo
688 2313 726 2356 o-

343 2428 455 2491 nimam
479 2448 574 2491 meam
599 2388 698 2490 coram

344 2546 421 2627 timo.
463 2565 509 2628 Ne
531 2567 585 2625 des
607 2563 717 2626 ancille

343 2709 426 2761 tuem
449 2698 478 2760 in
501 2698 591 2760 fiiiem
615 2697 710 2778 pecti-

343 2834 463 2896 lentiee.
507 2831 656 2903 Quoniam

344 2987 382 3030 ex
404 2968 595 3030 multitudine
618 2967 675 3028 tri-

344 3101 509 3165 bulationis
530 3122 613 3164 mene
636 3098 689 3184 ego
731 3170 734 3179 ,

344 3237 464 3299 extendi
487 3257 592 3300 menos
615 3257 679 3299 me·

343 3393 377 3435 es
400 3374 463 3455 usq'
485 3392 562 3434 nnnc
584 3381 616 3433 et
637 3392 687 3432 re-

343 3508 465 3588 spondit
483 3507 525 3569 ‘eii
552 3514 582 3567 et
604 3506 683 3569 dixit
705 3506 743 3568 ed

307 3644 310 3650 ’
344 3642 433 3705 iliam.
477 3641 615 3702 Vedein
639 3618 765 3721 peccet

343 3762 488 3840 diisrael
512 3777 562 3839 det
585 3776 641 3839 tibi
663 3795 728 3838 om-

344 3933 412 3976 nem
435 3912 610 3992 petitionem
634 3919 687 3975 tue

343 4068 430 4131 quem
454 4047 557 4128 petisti
579 4067 599 4109 a
620 4027 688 4107 dmo

343 4194 374 4245 et
395 4182 472 4244 dixit
493 4181 625 4244 inueniet
648 4201 705 4243 en·

1101 777 1125 840 1,
1143 778 1251 827 1e-m.

928 943 996 1005 cilin
1018 954 1071 1006 tue
1093 943 1221 1017 maciem
1244 964 1301 1005 en·

928 1088 958 1140 te
980 1079 1098 1141 occuioo
1119 1088 1189 1142 tuoe
1211 1088 1243 1139 et
1262 1079 1328 1141 obit

927 1213 1033 1275 mniier
1053 1215 1083 1274 in
1106 1211 1184 1275 niem
1208 1233 1293 1276 suem

915 1358 959 1409 ·et
979 1348 1104 1410 intrauit
1124 1349 1154 1410 in
1176 1332 1315 1429 hospitio

927 1493 958 1543 et
981 1484 1171 1546 manducauit
1193 1503 1260 1546 cum

927 1618 991 1680 uiro
1013 1638 1067 1681 suo
1089 1628 1121 1679 et
1142 1618 1221 1680 bibit
1243 1628 1274 1680 et

927 1752 1028 1815 cuitus
1051 1753 1114 1816 eius
1137 1775 1194 1817 non
1218 1775 1291 1819 con-

926 1888 999 1949 cidit
1020 1890 1159 1970 emplius.
1204 1892 1244 1951 Et
1266 1900 1337 1953 ente

926 2023 1019 2085 iucem
1041 2035 1234 2087 surrexerunt

926 2166 958 2219 et
980 2160 1183 2221 adorauerunt
1205 2143 1272 2239 dom

926 2300 956 2353 et
978 2294 1116 2356 abierunt
1136 2296 1214 2356 niam
1234 2307 1289 2358 eun

926 2436 958 2488 et
979 2428 1105 2491 intronit
1127 2430 1251 2492 helcana

927 2562 956 2624 in
979 2564 1099 2625 domum
1122 2584 1206 2627 suem
1229 2565 1259 2625 in
1282 2584 1333 2626 ar·

927 2697 1030 2758 methe
1052 2709 1082 2759 et
1105 2700 1244 2779 cognonit

926 2850 1033 2892 ennam
1056 2851 1177 2895 uxorem
1202 2816 1262 2897 son

927 2976 958 3027 et
979 2979 1193 3029 rememoratus
1215 2969 1279 3030 eino

845 3129 851 3141 ¹
926 3082 1001 3163 dmi.
1035 3100 1075 3162 Et
1099 3103 1235 3183 concepit

925 3238 1089 3299 etinctum
1113 3249 1159 3301 est
1181 3240 1209 3301 in
1233 3251 1311 3302 tem-

925 3392 995 3453 pore
1019 3374 1131 3435 dierum
1154 3385 1185 3435 et
1207 3394 1299 3455 pepo-

926 3506 967 3567 rit
987 3507 1081 3568 filium
1103 3516 1133 3568 et
1155 3528 1246 3570 uoce-

926 3640 971 3702 uit
992 3660 1095 3703 nomen
1119 3644 1182 3705 eius
1204 3662 1256 3704 on-

926 3776 1004 3837 muel
1027 3775 1127 3838 dicens
1149 3760 1261 3857 quoni]

924 3932 963 3974 ex
984 3894 1053 3974 dm'o
1084 3894 1126 3973 do
1144 3913 1251 3975 sabaoc
1272 3932 1339 3975 om·

924 4048 1079 4127 nipotente
1102 4046 1163 4127 peti
1187 4027 1234 4108 eu-

925 4194 956 4242 et
977 4183 1113 4243 escendit
1134 4181 1220 4244 homo
