3325 4959
838 448 904 513 nor
928 447 967 510 13
980 449 1007 510 n.
1030 404 1037 416 ’

854 633 982 707 Genesis

579 793 619 849 ro,
637 792 728 838 o-ro.

377 956 455 1018 boat
475 954 621 1018 habitare
636 939 742 1018 'rimal

377 1097 407 1153 at
420 1091 519 1172 faota
539 1097 586 1153 ort
604 1090 684 1153 riaa
703 1090 758 1153 ia·

377 1237 422 1287 tor
444 1234 579 1305 pastores
602 1244 691 1307 peoo-

376 1380 440 1422 rum
463 1362 554 1422 abrao
577 1374 607 1421 ot
629 1370 734 1441 pasto·
792 1384 795 1393 ¹

376 1514 423 1555 res
445 1513 584 1576 peoornm
607 1494 669 1557 roro

375 1629 538 1714 chananaei
560 1640 661 1692 autern

375 1775 407 1824 ot
429 1764 552 1855 seretaoi
574 1773 646 1826 tuno
668 1764 717 1827 in·

375 1898 556 1960 habitabant
578 1908 689 1961 terram

373 2032 450 2095 dixit
471 2046 571 2095 antem
594 2034 697 2096 abram

371 2178 405 2231 at
427 2167 491 2231 loth
514 2188 571 2230 non
594 2168 634 2231 sit
655 2167 723 2231 rixa
743 2168 793 2230 in·

369 2314 416 2364 tor
438 2323 484 2365 mo
507 2313 537 2364 ot
560 2312 589 2363 to
610 2312 642 2363 et
664 2322 721 2364 non
746 2303 794 2365 in-

371 2449 417 2497 tor
438 2448 574 2517 pastores
596 2456 677 2499 meos

370 2584 401 2633 ot
423 2571 501 2634 inter
523 2585 659 2653 pastores

369 2723 438 2769 anon
460 2707 528 2788 quin
551 2707 608 2769 niri
630 2708 690 2769 fra-

369 2854 430 2903 tres
451 2863 504 2904 nos
525 2862 627 2903 snmus
649 2860 701 2903 oo·

367 2997 401 3037 ao
422 2996 522 3038 omnes
544 2988 624 3038 terro
643 2997 697 3037 an·

368 3123 398 3172 te
421 3122 451 3173 to
474 3121 520 3172 est
542 3113 646 3173 roardo
669 3130 687 3172 a
709 3131 755 3173 mo

365 3246 390 3305 si
413 3255 446 3307 tn
465 3247 494 3308 in
517 3246 667 3308 sinistram

364 3400 417 3460 ego
439 3381 468 3441 in
491 3384 627 3442 dextram
652 3383 698 3444 nol

363 3516 388 3577 si
412 3528 446 3578 tn
468 3518 497 3578 in
519 3520 658 3578 dextram
682 3536 735 3596 ego
758 3520 786 3581 in
809 3520 854 3582 si·

362 3650 496 3713 nistrnrn.
536 3652 577 3713 Et
599 3652 743 3714 adleuans
814 3631 815 3634 Ἴ

361 3787 463 3848 oculos
484 3804 554 3848 suos
577 3787 640 3847 loth
663 3787 722 3848 oir-

360 3920 526 4000 cumspexit
549 3939 663 3981 omnem

360 4058 506 4138 regionem
531 4057 662 4118 iordanis

357 4210 433 4272 qnno
455 4195 550 4254 omnis
570 4192 723 4270 inrigaba-

356 4339 405 4390 tur
427 4328 598 4407 priusqunm
622 4338 739 4389 euerte-

353 4471 402 4524 rot
423 4444 466 4524 dn
480 4464 630 4525 sodomam
655 4472 686 4522 ot

1130 793 1170 847 ro,
1189 787 1296 836 10-14.

959 957 1146 1036 gomorrham

957 1089 1036 1151 siout
1055 1089 1213 1170 paradisus
1234 1070 1277 1150 oi'

956 1234 986 1283 et
1008 1224 1085 1285 siout
1106 1237 1187 1286 torna
1208 1242 1322 1305 aegyp·

956 1358 1065 1419 tiornm
1088 1378 1181 1440 usqne
1204 1358 1308 1419 nenias

955 1493 992 1555 r'a
1012 1513 1129 1574 maara
1150 1494 1186 1555 ia
1207 1513 1297 1574 nagor

956 1638 987 1689 ot
1009 1628 1098 1706 elegit
1118 1627 1177 1689 sibi
1199 1627 1277 1689 loth'

955 1780 1071 1825 omnem
1094 1764 1241 1841 regionem

956 1896 1093 1958 iordanis.
1136 1898 1179 1959 Et
1200 1898 1350 1978 proiootua
1372 1912 1418 1960 ost.

954 2031 1017 2093 loth
1040 2034 1079 2092 ab
1102 2032 1215 2093 oriente
1239 2044 1268 2093 ot
1289 2033 1401 2095 disoen-

952 2175 1055 2228 norunt
1076 2169 1201 2247 quisque
1223 2188 1242 2229 a
1263 2170 1355 2231 iratro
1377 2189 1431 2232 sno

952 2302 1057 2362 abram
1078 2314 1177 2363 autom
1201 2282 1334 2364 oommo-

953 2445 1035 2497 ratus
1058 2449 1103 2497 ont
1125 2437 1154 2497 in
1178 2445 1258 2498 torro

952 2571 1097 2634 ohanaan.
1141 2572 1182 2632 Et
1204 2570 1267 2633 loth
1288 2589 1371 2633 oom-

950 2714 1095 2769 moratao
1115 2716 1162 2771 ani
1183 2709 1228 2772 ior·
1249 2710 1285 2771 ia
1307 2708 1353 2771 oi-

949 2841 1052 2904 aitato
1072 2851 1151 2924 apat
1172 2844 1328 2906 iordaaoa

948 2984 979 3039 ot
1000 2977 1144 3040 anooadit
1164 2978 1201 3040 ia
1224 2986 1345 3041 terram

946 3112 1117 3175 sodomam.

945 3246 1102 3308 Homiaao
1123 3255 1230 3309 aatom
1251 3249 1306 3330 qai

944 3382 981 3443 ia
1001 3383 1108 3444 oodom
1129 3388 1223 3444 arant
1242 3380 1379 3464 maligni

943 3516 980 3579 ia
1001 3525 1167 3598 compecto
1188 3499 1256 3579 (11Ῑί
1279 3523 1371 3579 orant

942 3649 1047 3715 aaldo.

941 3785 989 3848 Et
1008 3785 1095 3848 aaa
1113 3768 1184 3848 aa,
1205 3767 1308 3847 ao'aa

941 3923 1075 3983 abraam
1091 3928 1260 4001 postquam
1282 3916 1347 3981 lora
1368 3921 1425 3980 ab·
