3325 4959
811 442 875 506 Fei.
898 442 937 506 31
952 444 982 506 b.

740 626 1055 710 mmmm)

554 785 685 844 11,e-i.

351 950 441 1012 etad
464 967 618 1029 uesperam
641 968 742 1012 surre-

350 1083 395 1145 xit
417 1082 503 1145 deuit
524 1086 561 1147 de
583 1084 717 1147 eubiculo

269 1244 272 1249 ¹
351 1239 404 1282 suo
427 1229 458 1281 et
479 1220 645 1282 anibulauit
667 1220 697 1280 in
720 1238 791 1300 por·
829 1282 834 1289 ,

351 1355 442 1417 tieum
463 1356 567 1417 domus
589 1354 688 1435 regiae
802 1338 804 1344 ¹

351 1500 381 1551 et
403 1487 479 1552 uidit
502 1490 652 1551 mulierem
681 1469 768 1551 laud-

350 1635 408 1686 tem
432 1641 486 1705 per
508 1625 663 1705 porticum.
708 1625 748 1686 Et

352 1760 454 1822 mulier
476 1760 528 1821 iila
550 1770 615 1820 emt
637 1759 736 1838 speci·

351 1914 403 1957 osa
425 1894 519 1956 ualde.
564 1895 604 1955 Et
628 1894 709 1956 misit
732 1897 788 1955 da·
837 1945 839 1954 ,

351 2031 395 2092 uit
417 2041 447 2092 et
469 2030 639 2111 inquissiuit
662 2030 751 2091 muli·
820 2076 827 2093 .

352 2185 439 2228 erem.
483 2165 523 2225 Et
545 2166 621 2226 dixit
642 2184 699 2225 non
723 2164 797 2225 haee

351 2310 399 2362 est
419 2299 563 2361 bersabee
585 2298 647 2360 filie
670 2298 717 2359 ela

1007 764 1012 777 '
1104 785 1142 841 11,
1162 782 1253 829 t-lo.

920 951 961 1012 m
982 947 1067 1012 uenit
1088 944 1169 1010 urias
1192 954 1225 1007 et
1246 947 1330 1010 dauit

922 1092 952 1143 et
973 1079 1168 1160 interrogauit
1191 1080 1278 1143 dauit

922 1236 999 1281 eum.
1043 1217 1084 1279 m
1105 1216 1183 1278 dixit
1205 1225 1286 1278 recte
1309 1227 1354 1277 est

910 1352 991 1415 ,ioeb
1014 1359 1145 1412 streete
1169 1359 1215 1412 est
1237 1370 1333 1432 pepu-

923 1488 969 1549 ius
991 1496 1022 1548 et
1044 1494 1124 1548 reete
1147 1494 1194 1547 est
1215 1504 1303 1547 exer-

922 1622 998 1684 eitus
1019 1622 1099 1683 beili.
1143 1623 1185 1683 Et
1206 1620 1282 1682 dixit
1303 1620 1367 1681 uri·

921 1730 956 1819 ds
978 1776 1081 1819 omnes
1103 1765 1203 1819 rectae
1225 1764 1303 1817 sunt

923 1894 963 1955 Et
987 1892 1064 1954 dixit
1085 1894 1170 1954 dauit
1190 1891 1270 1952 urias

922 2027 1068 2089 descende
1090 2028 1119 2088 in
1143 2029 1262 2088 domum

922 2171 1055 2223 tuamet
1079 2162 1179 2223 lauare
1202 2159 1294 2240 pedes

922 2308 990 2359 tuos
1012 2307 1043 2357 et
1066 2297 1140 2358 exiit
1162 2296 1241 2357 urias
1263 2296 1300 2356 de

340 2445 425 2498 'uxor
446 2436 527 2497 uriae
551 2435 656 2500 cethei.
697 2433 737 2493 Et
760 2432 817 2493 mi·
892 2416 900 2518 )
923 2433 1009 2495 domo
1033 2433 1109 2513 regis
1131 2441 1162 2493 et
1185 2413 1294 2492 exter?

347 2571 388 2633 sit
411 2571 496 2633 deuit
518 2569 637 2631 nuntios
660 2581 690 2629 et

348 2705 464 2786 aceepit
487 2724 562 2769 eam.
606 2705 647 2765 Et
668 2704 763 2765 intra-

350 2840 396 2902 uit
418 2850 448 2901 at
474 2858 539 2900 eam
563 2848 594 2901 et
616 2840 757 2901 dormiuit

350 2995 416 3037 eum
440 2994 513 3035 eam.
559 2975 642 3035 Haec
664 2982 764 3035 autem

350 3110 412 3201 lota
434 3119 499 3171 erat
521 3120 588 3188 post
611 3110 747 3187 purgati-

351 3264 437 3308 onem
460 3255 491 3305 et
513 3243 637 3306 intrauit
658 3244 688 3306 in

351 3383 439 3443 domo
461 3399 516 3441 sua
538 3389 569 3439 et
591 3380 728 3459 concepit

352 3515 466 3578 mulier.
510 3515 551 3576 Et
574 3514 655 3575 misit
677 3525 707 3575 et
730 3532 807 3575 nun-

352 3630 816 3714 mmmmm&

353 3786 418 3867 cepi
442 3803 504 3863 ego,
549 3785 589 3845 Et
613 3782 694 3845 misit
717 3782 802 3844 dauit

353 3921 391 3982 ad
412 3921 480 3983 ioab
502 3922 603 3982 dicens
627 3919 712 3980 mitte

354 4055 427 4117 mihi
450 4055 543 4117 uriam
567 4055 745 4117 cetthaeum.

356 4191 396 4252 Et
419 4188 500 4250 misit
522 4191 589 4251 ioeb
614 4190 697 4251 urian
721 4201 753 4251 at
776 4173 821 4253 ed.

921 2577 989 2647 post
1011 2588 1076 2630 eum
1099 2576 1283 2647 protectores

923 2703 1009 2785 regis.
1054 2704 1095 2765 Et
1117 2700 1258 2764 dormiuit
1280 2700 1343 2761 uri-

921 2860 956 2901 as
978 2838 1009 2900 in
1033 2850 1149 2919 portam
1173 2839 1278 2899 domus
1300 2854 1350 2897 re-

922 2973 966 3054 gis
988 2992 1053 3036 eum
1074 2973 1212 3035 omnibus
1234 2990 1298 3033 ser-

922 3108 968 3170 uis
990 3108 1067 3186 regis
1089 3106 1199 3169 domini
1220 3108 1267 3169 sui

924 3254 953 3304 et
975 3263 1033 3305 non
1056 3242 1208 3304 descendit
1230 3242 1259 3301 in

924 3378 1043 3440 domum
1066 3396 1159 3449 suam,
1204 3377 1246 3437 Et
1266 3396 1343 3437 nun-

923 3512 1075 3575 tiauerant
1096 3512 1180 3574 deuit
1201 3512 1302 3574 dieen-

923 3659 970 3711 tes
992 3668 1049 3711 non
1072 3647 1227 3710 deseendit

924 3784 1006 3846 urias
1027 3783 1056 3845 in
1080 3784 1198 3845 demum
1221 3764 1286 3844 sud·

924 3928 955 3980 et
976 3918 1052 3982 dixit
1073 3917 1157 3979 dauit
1178 3928 1211 3978 et
1234 3916 1320 3979 urim

924 4052 1299 4116 mmmmm&

924 4189 993 4268 quid
1016 4198 1062 4251 est
1085 4190 1141 4251 hoe
1162 4190 1239 4270 quod
1263 4208 1319 4250 non
